%% Saved with string encoding Unicode (UTF-8) 



misc{para,
	Author = {{IEEE Referencing}},
	Howpublished = {\url{http://libguides.bhtafe.edu.au/content.php?pid=88814&sid=660920}},
	Keywords = {paraphrasing, plagariasm, citation, quotation},
	Lastchecked = {19/04/2017},
	Title = {{How to Cite\/Quote in Your Assignment}}}

misc{ieee-write,
	Author = {{IEEE Authorship Series}},
	Howpublished = {\url{http://ieeeauthorcenter.ieee.org/wp-content/uploads/How-to-Write-for-Technical-Periodicals-and-Conferences.pdf}},
	Institution = {{IEEE}},
	Keywords = {writing, paragraph, sentences, ethics},
	Lastchecked = {18/04/2017},
	Title = {How to Write for Technical Periodicals \& Conferences}}



@article{schon2017agile,
  title={Agile Requirements Engineering: A systematic literature review},
  author={Sch\"on, Eva-Maria and Thomaschewski, J\"org and Escalona, Maria Jose},
  journal={Computer Standards \& Interfaces},
  volume={49},
  pages={79--91},
  year={2017},
  publisher={Elsevier}
}

@inproceedings{royce1987managing,
  title={Managing the development of large software systems: concepts and techniques},
  author={Royce, Winston W},
  booktitle={Proceedings of the 9th international conference on Software Engineering},
  pages={328--338},
  year=1987,
  organization={IEEE Computer Society Press}
}

@article{leveson1993investigation,
  title={An investigation of the Therac-25 accidents},
  author={Leveson, Nancy G and Turner, Clark S},
  journal={IEEE computer},
  volume={26},
  number={7},
  pages={18--41},
  year={1993}
}
@book{modelchecking,
 author = {Clarke,Jr., Edmund M. and Grumberg, Orna and Peled, Doron A.},
 title = {Model Checking},
 year = {1999},
 isbn = {0-262-03270-8},
 publisher = {MIT Press},
 address = {Cambridge, MA, USA},
}
@inproceedings{nuseibeh2000requirements,
  title={Requirements engineering: a roadmap},
  author={Nuseibeh, Bashar and Easterbrook, Steve},
  booktitle={Proceedings of the Conference on the Future of Software Engineering},
  pages={35--46},
  year={2000},
  organization={ACM}
}


tesla

https://pubmed.ncbi.nlm.nih.gov/30841795/ 
https://www.ncbi.nlm.nih.gov/pmc/articles/PMC6438496/ 
https://www.ncbi.nlm.nih.gov/pmc/articles/PMC7995526/ 
https://pubmed.ncbi.nlm.nih.gov/29160165/ 
https://www.ncbi.nlm.nih.gov/pmc/articles/PMC5821455/ 
https://www.ncbi.nlm.nih.gov/pmc/articles/PMC5343691/ 
https://www.ncbi.nlm.nih.gov/pmc/articles/PMC7954016/ 
https://www.ncbi.nlm.nih.gov/pmc/articles/PMC5607180/ 
https://www.mdpi.com/2076-3417/9/23/5126/htm 
https://www.tandfonline.com/doi/full/10.1080/01441647.2020.1862355 

https://en.wikipedia.org/wiki/List_of_industrial_disasters
https://www.cbinsights.com/research/biggest-startup-failures/
https://www.cbinsights.com/research/startup-failure-post-mortem/
http://www.ilocis.org/documents/chpt39e.htm
https://interestingengineering.com/23-engineering-disasters-of-all-time
https://time.com/4704250/most-successful-technology-tech-failures-gadgets-flops-bombs-fails/
https://www.buzzfeednews.com/article/nicolenguyen/notable-tech-fails-of-2010s
https://www.theverge.com/2019/12/20/21029499/decade-fails-flops-tech-science-culture-apple-google-data-kickstarter-2010-2019
https://www.technologyreview.com/2020/12/31/1015552/biggest-technology-failures-2020/
https://www.networkcomputing.com/11-epic-technology-disasters
https://blog.storagecraft.com/top-ten-it-disasters/
https://www.cbc.ca/news/politics/cyclone-helicopter-crash-greece-canadian-forces-1.5566656
https://www.npr.org/2021/02/09/965849491/ntsb-says-pilot-had-spatial-disorientation-in-kobe-bryant-helicopter-crash
https://www.businessinsider.com/faa-orders-inspections-on-boeing-777-after-engine-failure-2021-2?international=true&r=US&IR=T
https://www.nytimes.com/2021/02/26/world/europe/boeing-777-engine-emergency-landing.html
https://www.military.com/daily-news/2020/11/09/ejection-sequence-failed-deadly-fighter-jet-crash-investigation-shows.html
https://bc.ctvnews.ca/human-error-computer-system-responsible-for-fatal-spill-from-b-c-dam-official-1.5138111
https://hoiabc.com/2020/06/24/victim-in-fatal-i-74-fatal-crash-on-tuesday-identified-as-57-year-old-morton-man/
https://www.theage.com.au/national/victoria/deadly-train-crash-averted-thanks-to-footy-shutdown-and-luck-factor-20200616-p5530l.html
https://simpleflying.com/dc-10-1979-grounding/
https://www.military.com/daily-news/2020/06/17/after-fatal-jet-crash-pilots-got-blamed-then-air-force-banned-flight-maneuver.html
https://theaviationist.com/2020/10/05/54-years-ago-today-the-fatal-crash-of-xv-5a-vertifan-that-lead-to-f-35-and-the-tiltrotor/
https://eu.indystar.com/story/news/investigations/2020/10/30/drug-error-cancer-researcher-eskenazi-hospital-killed/5979448002/


misc{ieee-write,
	Author = {{IEEE Authorship Series}},
	Howpublished = {\url{http://ieeeauthorcenter.ieee.org/wp-content/uploads/How-to-Write-for-Technical-Periodicals-and-Conferences.pdf}},
	Institution = {{IEEE}},
	Keywords = {writing, paragraph, sentences, ethics},
	Lastchecked = {18/04/2017},
	Title = {How to Write for Technical Periodicals \& Conferences}}

Over oekraine

IEC_60870-5
http://citeseerx.ist.psu.edu/viewdoc/download;jsessionid=0513EED48102FDAD1BD940260EF12B11?
doi=10.1.1.548.7490&amp;rep=rep1&amp;type=pdf
https://scialert.net/fulltext/?doi=tasr.2014.396.405
https://www.researchgate.net/publication/333671061_Attacking_IEC-60870-5-104_SCADA_Systems
http://www.salvage-project.com/uploads/4/9/5/5/49558369/art3_-_salvage_2015_-
_cyber_security_in_communication_of_scada_systems_using_iec_61850.pdf
https://eg.uc.pt/bitstream/10316/35720/1/Security%20Probes%20for%20Industrial%20Control%20
Networks.pdf
https://owlcyberdefense.com/products/data-diode-products/software-modules/iec-104/
https://ris.utwente.nl/ws/files/6028066/3-s2_0-B9780128015957000227.pdf
https://waterfall-security.com/static/Waterfall-for-IEC-60870-5-104_FINAL.pdf
http://www.scada.sl/2013/11/last-week-four-guys-of-scada.html
https://repositorio-aberto.up.pt/bitstream/10216/119066/2/315683.pdf
https://www.diva-portal.org/smash/get/diva2:1046339/FULLTEXT01.pdf
https://www.semanticscholar.org/paper/Cybersecurity-analysis-of-a-SCADA-system-under-and-
Rocha/dfa7c12551ebe7b24da8d806e87e946051a57cb9
https://control.com/forums/threads/comparison-between-iec60870-5-103-and-modbus-rtu.20317/
https://www.blackhat.com/docs/us-17/wednesday/us-17-Staggs-Adventures-In-Attacking-Wind-
Farm-Control-Networks.pdf
https://www.securonix.com/web/wp-
content/uploads/2019/08/RSAC_2019_Scada_Attack_Detection_101.pdf
https://dreamlab.net/en/blog/post/fuzzing-ics-protocols/
https://library.e.abb.com/public/f74f9c8be95f4cd09b0b1fbbde699108/4CAE000416_RTU_Secure%2
0communications_web.pdf
https://www.slideshare.net/qqlan/scada-zn
https://virsec.com/virsec-hack-analysis-deep-dive-into-industroyer-aka-crash-override/
https://tutcris.tut.fi/portal/files/16294332/jafary_1534.pdf
http://www.connectivity4ir.co.uk/article/175490/IEC-62351--Secure-communication-in-the-energy-
industry.aspx
https://www.win.tue.nl/~setalle/2017_fauri_encryption.pdf

https://assets.barracuda.com/assets/docs/dms/Barracuda_CloudGen_Firewall_SB_Security_for_ICS_
and_OT.pdf
https://www.checkpoint.com/products/industrial-control-systems-appliances/
https://www.dragos.com/wp-content/uploads/CRASHOVERRIDE.pdf
https://dl.acm.org/doi/fullHtml/10.1145/3381038
https://arxiv.org/pdf/2001.02925.pdf
http://blog.nettedautomation.com/2017/

IEC 61850, hack
iec 104
opc
iec 101

CRASHOVERRIDE

https://www.dragos.com/wp-content/uploads/CrashOverride-01.pdf
https://www.welivesecurity.com/wp-content/uploads/2017/06/Win32_Industroyer.pdf
https://ec.europa.eu/energy/sites/ener/files/evaluation_of_risks_of_cyber-
incidents_and_on_costs_of_preventing_cyber-incidents_in_the_energy_sector.pdf
https://www.cybersecurityintelligence.com/blog/attack-on-ukraines-power-grid-targeted-
transmission-stations-4530.html
https://www.recordedfuture.com/crashoverride-malware-overview/
https://www.us-cert.gov/ncas/alerts/TA17-163A
https://www.darkreading.com/threat-intelligence/first-malware-designed-solely-for-electric-grids-
caused-2016-ukraine-outage/d/d-id/1329114
https://arstechnica.com/information-technology/2017/06/crash-override-malware-may-sabotage-
electric-grids-but-its-no-stuxnet/
https://www.accenture.com/_acnmedia/pdf-69/accenture-managing-malware-crash-override.pdf
https://www.nixu.com/fi/node/53
https://www.vice.com/en_us/article/zmeyg8/ukraine-power-grid-malware-crashoverride-
industroyer
https://ics.sans.org/media/E-ISAC_SANS_Ukraine_DUC_6.pdf
http://blog.wallix.com/ics-security-russian-hacking
http://web.mit.edu/smadnick/www/wp/2016-22.pdf
https://www.boozallen.com/content/dam/boozallen/documents/2016/09/ukraine-report-when-the-
lights-went-out.pdf
https://www.reuters.com/article/us-ukraine-cybersecurity-sandworm-idUSKBN0UM00N20160108
https://www.nerc.com/pa/CI/ESISAC/Documents/E-ISAC_SANS_Ukraine_DUC_18Mar2016.pdf
https://jsis.washington.edu/news/cyberattack-critical-infrastructure-russia-ukrainian-power-grid-
attacks/
https://www.ifri.org/sites/default/files/atoms/files/desarnaud_cyber_attacks_energy_infrastructure
s_2017_2.pdf
https://blog.trendmicro.com/trendlabs-security-intelligence/sandworm-to-blacken-the-scada-
connection/
https://ec.europa.eu/energy/sites/ener/files/evaluation_of_risks_of_cyber-
incidents_and_on_costs_of_preventing_cyber-incidents_in_the_energy_sector.pdf
https://www.wired.com/2016/03/inside-cunning-unprecedented-hack-ukraines-power-grid/
https://ics.sans.org/media/E-ISAC_SANS_Ukraine_DUC_5.pdf

https://ics.sans.org/media/E-ISAC_SANS_Ukraine_DUC_5.pdf
https://digitalsupport.ge.com/servlet/fileField?retURL=%2Fapex%2FKnowledgeDetail%3Fid%3DkA21
A000000HShPSAW%26lang%3Den_US%26Type%3DArticle__kav&amp;entityId=ka21A000000HccQQAS&amp;fi
eld=File_1__Body__s


iso standaarden
https://www.informatiebeveiligingsdienst.nl/wp-content/uploads/2019/04/201902-Handreiking-
Information-Security-Management-System-ISMS-v2.0.pdf
https://info.advisera.com/hubfs/27001Academy/27001Academy_FreeDownloads/NL/Checklist_of_I
SO_27001_Mandatory_Documentation_NL.pdf
https://info.advisera.com/hubfs/27001Academy/27001Academy_FreeDownloads/NL/Checklist_of_I
SO_27001_Mandatory_Documentation_NL.pdf
https://www.iso.org/isoiec-27001-information-security.html
https://www.iso27001security.com/html/faq.html
https://www.iso27001security.com/ISO27k_FAQ.pdf
https://www.iso27001security.com/ISO27k_GDPR_mapping_release_1.pdf

https://webstore.iec.ch/preview/info_isoiec27019%7Bed1.0%7Den.pdf
https://web.archive.org/web/20150924001524/http://www.epri.com/abstracts/Pages/ProductAbstr
act.aspx?ProductId=000000003002003738
https://webstore.iec.ch/publication/25948
https://webstore.iec.ch/publication/6912
https://webstore.iec.ch/publication/6911
https://www.ipcomm.de/protocol/IEC62351/en/sheet.html

UK NCSC Guidelines
BDEW and Oesterreichs Energie
NERC CIP
https://www.energy.gov/ceser/activities/cybersecurity-critical-energy-infrastructure/energy-sector-
cybersecurity-0
https://www.energy.gov/ceser/activities/cybersecurity-critical-energy-infrastructure/energy-sector-
cybersecurity-0-1
https://nvlpubs.nist.gov/nistpubs/ir/2010/NIST.IR.7628.pdf
https://nvlpubs.nist.gov/nistpubs/CSWP/NIST.CSWP.04162018.pdf
https://nvlpubs.nist.gov/nistpubs/SpecialPublications/NIST.SP.800-53r4.pdf
https://nvlpubs.nist.gov/nistpubs/ir/2014/NIST.IR.7628r1.pdf

Bibliografie
(n.d.). Retrieved from rand.org: https://www.rand.org/pubs/research_reports/RR2081.html
(n.d.). Retrieved from dpstele.com: https://dpstele.com/blog%20major%20scada%20hacks
/checklist/network-security-audit-checklist/#related-checklists. (n.d.). Retrieved from process.st:
https://www.process.st/checklist/network-security-audit-checklist/#related-checklists
(2016 ). Retrieved from https://www.fireeye.com/blog/threat-research/2016/01/ukraine-and-
sandworm-team.html
cybersecurity-audit-checklist. (n.d.). Retrieved from reciprocitylabs.com:
https://reciprocitylabs.com/cybersecurity-audit-checklist/
ukraine-power-grid-attack-russia-us. (2016, 2 11). Retrieved from edition.cnn.com:
https://edition.cnn.com/2016/02/11/politics/ukraine-power-grid-attack-russia-us/index.html
ukraine-sees-russian-hand-in-cyber-attacks-on-power-grid-idUSKCN0VL18E. (n.d.). Retrieved from
reuters.com: https://www.reuters.com/article/us-ukraine-cybersecurity/ukraine-sees-
russian-hand-in-cyber-attacks-on-power-grid-idUSKCN0VL18E


iso standaarden
https://www.informatiebeveiligingsdienst.nl/wp-content/uploads/2019/04/201902-Handreiking-
Information-Security-Management-System-ISMS-v2.0.pdf
https://info.advisera.com/hubfs/27001Academy/27001Academy_FreeDownloads/NL/Checklist_of_I
SO_27001_Mandatory_Documentation_NL.pdf
https://info.advisera.com/hubfs/27001Academy/27001Academy_FreeDownloads/NL/Checklist_of_I
SO_27001_Mandatory_Documentation_NL.pdf
https://www.iso.org/isoiec-27001-information-security.html
https://www.iso27001security.com/html/faq.html
https://www.iso27001security.com/ISO27k_FAQ.pdf
https://www.iso27001security.com/ISO27k_GDPR_mapping_release_1.pdf

https://webstore.iec.ch/preview/info_isoiec27019%7Bed1.0%7Den.pdf
https://web.archive.org/web/20150924001524/http://www.epri.com/abstracts/Pages/ProductAbstr
act.aspx?ProductId=000000003002003738
https://webstore.iec.ch/publication/25948
https://webstore.iec.ch/publication/6912
https://webstore.iec.ch/publication/6911
https://www.ipcomm.de/protocol/IEC62351/en/sheet.html

UK NCSC Guidelines
BDEW and Oesterreichs Energie
NERC CIP
https://www.energy.gov/ceser/activities/cybersecurity-critical-energy-infrastructure/energy-sector-
cybersecurity-0
https://www.energy.gov/ceser/activities/cybersecurity-critical-energy-infrastructure/energy-sector-
cybersecurity-0-1
https://nvlpubs.nist.gov/nistpubs/ir/2010/NIST.IR.7628.pdf
https://nvlpubs.nist.gov/nistpubs/CSWP/NIST.CSWP.04162018.pdf
https://nvlpubs.nist.gov/nistpubs/SpecialPublications/NIST.SP.800-53r4.pdf
https://nvlpubs.nist.gov/nistpubs/ir/2014/NIST.IR.7628r1.pdf

Bibliografie
(n.d.). Retrieved from rand.org: https://www.rand.org/pubs/research_reports/RR2081.html
(n.d.). Retrieved from dpstele.com: https://dpstele.com/blog%20major%20scada%20hacks
/checklist/network-security-audit-checklist/#related-checklists. (n.d.). Retrieved from process.st:
https://www.process.st/checklist/network-security-audit-checklist/#related-checklists
(2016 ). Retrieved from https://www.fireeye.com/blog/threat-research/2016/01/ukraine-and-
sandworm-team.html
cybersecurity-audit-checklist. (n.d.). Retrieved from reciprocitylabs.com:
https://reciprocitylabs.com/cybersecurity-audit-checklist/
ukraine-power-grid-attack-russia-us. (2016, 2 11). Retrieved from edition.cnn.com:
https://edition.cnn.com/2016/02/11/politics/ukraine-power-grid-attack-russia-us/index.html

ukraine-sees-russian-hand-in-cyber-attacks-on-power-grid-idUSKCN0VL18E. (n.d.). Retrieved from
reuters.com: https://www.reuters.com/article/us-ukraine-cybersecurity/ukraine-sees-
russian-hand-in-cyber-attacks-on-power-grid-idUSKCN0VL18E




https://www.recordedfuture.com/crashoverride-malware-overview/
https://www.us-cert.gov/ncas/alerts/TA17-163A
https://en.wikipedia.org/wiki/Industroyer
https://en.wikipedia.org/wiki/Crash_Override_Network
https://www.virusbulletin.com/virusbulletin/2019/03/vb2018-paper-anatomy-attack-detecting-and-
defeating-crashoverride/
https://www.nixu.com/blog/crashoverride-threat-electricity-networks
https://www.youtube.com/watch?v=TH17hSH1PGQ
https://www.cyber.nj.gov/threat-center/threat-profiles/ics-malware-variants/crashoverride
https://thecyberwire.com/stories/f0c289436fff6d87ec93227b77dd3d88/crashoverride-its-
aftermath-and-its-implications
https://www.webopedia.com/TERM/C/crashoverride-industroyer-malware.html
https://collaborate.mitre.org/attackics/index.php/Software/S0001
https://www.accenture.com/us-en/blogs/blogs-crashoverride-malware-alert
https://www.incibe-cert.es/en/blog/crashoverride-malware-ics-back-again
https://rhebo.com/en/service/glossar/industroyer-25114/
https://www.csoonline.com/article/3200828/crash-override-malware-that-took-down-a-power-grid-
may-have-been-a-test-run.html
https://www.darkreading.com/threat-intelligence/first-malware-designed-solely-for-electric-grids-
caused-2016-ukraine-outage/d/d-id/1329114
https://www.belden.com/blog/industrial-security/crashoverride-first-malware-platform-designed-
to-take-down-electric-grids
https://www.cyberbit.com/blog/ot-security/industroyer-crashoverride-ot-malware/



https://www.bankinfosecurity.com/power-grid-malware-platform-threatens-industrial-controls-a-
9987
https://www.microsoft.com/en-us/wdsi/threats/malware-encyclopedia-
description?Name=Trojan:Win32/CrashOverride.C!dha&amp;ThreatID=2147726161
https://www.cybersecurityintelligence.com/blog/attack-on-ukraines-power-grid-targeted-
transmission-stations-4530.html
https://thehill.com/policy/cybersecurity/337877-crash-override-malware-heightens-fears-for-us-
electric-grid
https://choice.npr.org/index.html?origin=https://www.npr.org/2017/09/08/548661962/in-crash-
override-zoe-quinn-shares-her-boss-battle-against-online-harassment
https://pylos.co/2018/11/03/crashoverride-when-advanced-actors-look-like-amateurs/
https://www.inguardians.com/dhs-fbi-warn-of-attacks-against-us-energy-manufacturing-companies-
and-employees/
https://blog.emergeits.com/alert-homeland-security-finds-u-s-power-grid-vulnerable-to-
crashoverride-malware-3
https://www.cyberthreatalliance.org/member-share/stuxnet-to-crashoverride-to-trisis-evaluating-
the-history-and-future-of-integrity-based-attacks-on-industrial-environments/
https://rethinkresearch.biz/articles/industroyer-crashoverride-malware-behind-ukraine-utility-
attack/
https://electricenergyonline.com/energy/magazine/1104/article/Security-Sessions-Combating-ICS-
Threats.htm
https://www.smart-energy.com/regional-news/europe-uk/encs-crash-override-virus/
https://securityaffairs.co/wordpress/59989/malware/industroyer-malware.html
https://isssource.com/crashoverride-designed-for-grid-takedown/
https://gigazine.net/gsc_news/en/20170613-crashoverride/
https://www.ethicalhacker.net/members/crashoverride/

https://www.theglobeandmail.com/arts/books-and-media/book-reviews/review-zoe-quinns-crash-
override-and-ellen-paos-reset-explore-the-sexism-of-tech-culture/article36431282/
https://www.forbes.com/sites/kalevleetaru/2017/06/24/crash-override-and-how-cyberwarfare-is-
bringing-conflict-to-the-homefront/#42eb8984277c
https://www.computerworld.com/article/2883732/crash-override-network-combats-online-
harassment.html
https://fticybersecurity.com/2017-11/crashoverride-red-flag-u-s-power-companies/
https://www.publicpower.org/periodical/article/e-isac-offers-special-webinar-june-16-
crashoverride-malware
https://blogs.dnvgl.com/energy/industroyer-and-industrial-control-systems
https://www.theverge.com/2015/1/17/7628567/crash-override
http://digitaleragroup.com/blog/industry-reactions-to-crashoverride-malware-feedback-
friday/?style=turquoise





IEC_60870-5
http://citeseerx.ist.psu.edu/viewdoc/download;jsessionid=0513EED48102FDAD1BD940260EF12B11?
doi=10.1.1.548.7490&amp;rep=rep1&amp;type=pdf
https://scialert.net/fulltext/?doi=tasr.2014.396.405
https://www.researchgate.net/publication/333671061_Attacking_IEC-60870-5-104_SCADA_Systems
http://www.salvage-project.com/uploads/4/9/5/5/49558369/art3_-_salvage_2015_-
_cyber_security_in_communication_of_scada_systems_using_iec_61850.pdf
https://eg.uc.pt/bitstream/10316/35720/1/Security%20Probes%20for%20Industrial%20Control%20
Networks.pdf
https://owlcyberdefense.com/products/data-diode-products/software-modules/iec-104/
https://ris.utwente.nl/ws/files/6028066/3-s2_0-B9780128015957000227.pdf
https://waterfall-security.com/static/Waterfall-for-IEC-60870-5-104_FINAL.pdf
http://www.scada.sl/2013/11/last-week-four-guys-of-scada.html
https://repositorio-aberto.up.pt/bitstream/10216/119066/2/315683.pdf
https://www.diva-portal.org/smash/get/diva2:1046339/FULLTEXT01.pdf
https://www.semanticscholar.org/paper/Cybersecurity-analysis-of-a-SCADA-system-under-and-
Rocha/dfa7c12551ebe7b24da8d806e87e946051a57cb9
https://control.com/forums/threads/comparison-between-iec60870-5-103-and-modbus-rtu.20317/
https://www.blackhat.com/docs/us-17/wednesday/us-17-Staggs-Adventures-In-Attacking-Wind-
Farm-Control-Networks.pdf
https://www.securonix.com/web/wp-
content/uploads/2019/08/RSAC_2019_Scada_Attack_Detection_101.pdf
https://dreamlab.net/en/blog/post/fuzzing-ics-protocols/
https://library.e.abb.com/public/f74f9c8be95f4cd09b0b1fbbde699108/4CAE000416_RTU_Secure%2
0communications_web.pdf
https://www.slideshare.net/qqlan/scada-zn
https://virsec.com/virsec-hack-analysis-deep-dive-into-industroyer-aka-crash-override/
https://tutcris.tut.fi/portal/files/16294332/jafary_1534.pdf
http://www.connectivity4ir.co.uk/article/175490/IEC-62351--Secure-communication-in-the-energy-
industry.aspx
https://www.win.tue.nl/~setalle/2017_fauri_encryption.pdf

https://assets.barracuda.com/assets/docs/dms/Barracuda_CloudGen_Firewall_SB_Security_for_ICS_
and_OT.pdf
https://www.checkpoint.com/products/industrial-control-systems-appliances/
https://www.dragos.com/wp-content/uploads/CRASHOVERRIDE.pdf
https://dl.acm.org/doi/fullHtml/10.1145/3381038
https://arxiv.org/pdf/2001.02925.pdf
http://blog.nettedautomation.com/2017/




CRASHOVERRIDE

https://www.dragos.com/wp-content/uploads/CrashOverride-01.pdf
https://www.welivesecurity.com/wp-content/uploads/2017/06/Win32_Industroyer.pdf
https://ec.europa.eu/energy/sites/ener/files/evaluation_of_risks_of_cyber-
incidents_and_on_costs_of_preventing_cyber-incidents_in_the_energy_sector.pdf
https://www.cybersecurityintelligence.com/blog/attack-on-ukraines-power-grid-targeted-
transmission-stations-4530.html
https://www.recordedfuture.com/crashoverride-malware-overview/
https://www.us-cert.gov/ncas/alerts/TA17-163A
https://www.darkreading.com/threat-intelligence/first-malware-designed-solely-for-electric-grids-
caused-2016-ukraine-outage/d/d-id/1329114
https://arstechnica.com/information-technology/2017/06/crash-override-malware-may-sabotage-
electric-grids-but-its-no-stuxnet/
https://www.accenture.com/_acnmedia/pdf-69/accenture-managing-malware-crash-override.pdf
https://www.nixu.com/fi/node/53
https://www.vice.com/en_us/article/zmeyg8/ukraine-power-grid-malware-crashoverride-
industroyer
https://ics.sans.org/media/E-ISAC_SANS_Ukraine_DUC_6.pdf
http://blog.wallix.com/ics-security-russian-hacking
http://web.mit.edu/smadnick/www/wp/2016-22.pdf
https://www.boozallen.com/content/dam/boozallen/documents/2016/09/ukraine-report-when-the-
lights-went-out.pdf
https://www.reuters.com/article/us-ukraine-cybersecurity-sandworm-idUSKBN0UM00N20160108
https://www.nerc.com/pa/CI/ESISAC/Documents/E-ISAC_SANS_Ukraine_DUC_18Mar2016.pdf
https://jsis.washington.edu/news/cyberattack-critical-infrastructure-russia-ukrainian-power-grid-
attacks/
https://www.ifri.org/sites/default/files/atoms/files/desarnaud_cyber_attacks_energy_infrastructure
s_2017_2.pdf
https://blog.trendmicro.com/trendlabs-security-intelligence/sandworm-to-blacken-the-scada-
connection/
https://ec.europa.eu/energy/sites/ener/files/evaluation_of_risks_of_cyber-
incidents_and_on_costs_of_preventing_cyber-incidents_in_the_energy_sector.pdf
https://www.wired.com/2016/03/inside-cunning-unprecedented-hack-ukraines-power-grid/
https://ics.sans.org/media/E-ISAC_SANS_Ukraine_DUC_5.pdf
misc{ieee-write,
	Author = {{IEEE Authorship Series}},
	Howpublished = {\url{http://ieeeauthorcenter.ieee.org/wp-content/uploads/How-to-Write-for-Technical-Periodicals-and-Conferences.pdf}},
	Institution = {{IEEE}},
	Keywords = {writing, paragraph, sentences, ethics},
	Lastchecked = {18/04/2017},
	Title = {How to Write for Technical Periodicals \& Conferences}}



https://hbo-kennisbank.nl/searchresult?q=sluizen 
artificial inte;lligence and water locks 
https://www.sciencedirect.com/science/article/pii/S0160791X21002165 
https://www.wwdmag.com/artificial-intelligence/sewer-monitoring-turns-ai 
https://www.anylogic.com/resources/articles/analysis-of-the-expansion-of-the-panama-canal-using-simulation-modeling-and-artificial-intelligence/ 
ai used in public infrastructure thesis 
https://blog.ferrovial.com/en/2020/10/how-artificial-intelligence-is-used-for-infrastructure-maintenance/ 
https://www.tilburguniversity.edu/about/schools/law/departments/plg/ai-public-sector 
artificaial used in water shipping 
artificial used in maritime transport 
artificaial used in water shipping 
ai used in maritime traffic 


automatiseren van waterwerken
https://www.ftm.nl/artikelen/waternet-verantwoordelijkheid-digitaal-wanbeleid 
https://open.overheid.nl/repository/ronl-bc28f344-af87-481a-aea6-58c481b4cdc8/1/pdf/ilt-onderzoeksrapport-stichting-waternet.pdf\ 
https://www.security.nl/posting/697815/Waternet+onder+verscherpt+toezicht+wegens+onvoldoende+grip+op+cybersecurity 
https://www.security.nl/posting/677368/Inspectie+doet+onderzoek+naar+Waternet+na+verzwegen+penetratietest 
https://www.parool.nl/nederland/onderzoeksraad-rijk-houdt-informatie-over-cyberveiligheid-achter-met-grote-risico-s~b673ec1f/?referrer=https%3A%2F%2Fwww.google.com%2F 


google: artiifcial intelligence for industrial control systems researchgate 
https://link.springer.com/chapter/10.1007/978-3-030-38557-6_7 
automation  for industrial control systems 
researchgate 
google scholar:automation of industrial control systems problems 
hindawi.com: problems industrial control systems 

\subsubsection{Artificial intelligence en water locks}
https://www.researchgate.net/profile/Peter-Sulek/publication/328270008_EXPERT_CONTROL_SYSTEM_FOR_INCREASE_OF_SAFETY_OF_SHIPPING_OPERATION_ON_THE_GABCIKOVO_PROJECT_ON_THE_DANUBE/links/5ea722baa6fdccd79458844d/EXPERT-CONTROL-SYSTEM-FOR-INCREASE-OF-SAFETY-OF-SHIPPING-OPERATION-ON-THE-GABCIKOVO-PROJECT-ON-THE-DANUBE.pdf 
https://ieeexplore.ieee.org/abstract/document/8016224 
https://link.springer.com/chapter/10.1007/978-3-030-77424-0_34 
https://dspace.mit.edu/handle/1721.1/38701 

https://www.proquest.com/openview/cb394c1238891d1e63afd5fb09c489a4/1?pq-origsite=gscholar&cbl=18750&diss=y 
https://arxiv.org/abs/2110.00661 
https://ieeexplore.ieee.org/abstract/document/9393315 
https://www.proquest.com/openview/880700cabfe01fe69a71b0d9dfb55fc9/1?pq-origsite=gscholar&cbl=18750&diss=y 
https://ieeexplore.ieee.org/abstract/document/8005665 
https://ieeexplore.ieee.org/abstract/document/1014364 
https://books.google.nl/books?hl=en&lr=&id=WXPGDgAAQBAJ&oi=fnd&pg=PR7&dq=artificial+intelligence+waterlock+automation&ots=fVkyAURz3F&sig=VR9Eh5Vmvd7-e1ypZBsJYniVzBE&redir_esc=y#v=onepage&q&f=false 
https://rp.os3.nl/2019-2020/p67/report.pdf 
https://core.ac.uk/download/pdf/199293385.pdf 


https://scholar.google.com/scholar?start=50&q=persuasive+technology&hl=en&as_sdt=0,5 
https://dl.acm.org/doi/abs/10.1145/764008.763957 
https://dl.acm.org/doi/abs/10.1145/301353.301410 
https://journals.sagepub.com/doi/full/10.1177/1460458216650979 
https://link.springer.com/chapter/10.1007/11755494_1 
https://link.springer.com/chapter/10.1007/978-3-540-68504-3_30 
https://link.springer.com/article/10.1007/s10916-015-0425-x 
https://link.springer.com/article/10.1007/s11423-012-9232-y 
https://ieeexplore.ieee.org/abstract/document/1331399 
https://d1wqtxts1xzle7.cloudfront.net/41472864/Using_persuasive_technology_to_encourage20160123-444-1k8te7y-with-cover-page-v2.pdf?Expires=1649250311&Signature=BXKPGMAeaVmbUv526gu7RDrGaTRp4ri4zSS-lL4zg51O5ZIfibBgrPrk9s~UlK04cnIgn2YxEonaC8XTysk4TRFemmfyM58XSOUdNiciGbYduOxL5vxP0nd2BRY5xaIZagWWxNAUQgLG9FilvDuTgMCoZ6O97Swyudk43sENYRbXZLmNF1A1yNjrZjdqPG2gqAo-HN7n~llptUgGZREYEYKsNUV5hPEZ-qatwHQ-UiaRWkkZUlHY7J9gxcZ4jJKB5pBC55DCm-8AvYYOYTwQYPRxcCZss~CdSOrMeLe7UIZj4CW4A9bgpRvZ2-maIpbmpBfAw4dQjC5XJT-818kRMQ__&Key-Pair-Id=APKAJLOHF5GGSLRBV4ZA 
https://dl.acm.org/doi/abs/10.1145/2556288.2557383 
https://link.springer.com/chapter/10.1007/978-3-642-31037-9_11 
https://d1wqtxts1xzle7.cloudfront.net/3890254/verbeek_persuasive06-with-cover-page-v2.pdf?Expires=1649250320&Signature=ZsD3T0P3D3hj4UxWcdVKPbkjgxJJ8BmODWU3gSLak0TrUZYxeyX~Vbkm~intj5-0vzHHwQaNqP1l4ZFGPbvvDb7jSfO1EWsa5rOkbroV-2a-R7Ci13ilxFbNaIGkk5tTOOTZIlKBSL5RYdmYJ6PGYTDFdC7gm850x7-bcyehqcxCGRLMqoPpiRRei9BHVD6OEX3hc36Y0ykno8GBlyw2mL0XoF~OxC66Tiqeef-2peLfPOuT6Jz5C~xTHSBkOEgb0t7wpBwb9k4gu~CWbRi14FEi6TWl1Kc4-CSEPVbm~se14~QxmScvt38MBNj7WNEeAOOaGdoC2tWxT1GPsVCokQ__&Key-Pair-Id=APKAJLOHF5GGSLRBV4ZA 
http://citeseerx.ist.psu.edu/viewdoc/download?doi=10.1.1.416.9728&rep=rep1&type=pdf 
https://dl.acm.org/doi/abs/10.1145/2347635.2347653 
https://link.springer.com/chapter/10.1007/978-3-030-17287-9_12 
https://link.springer.com/book/10.1007/978-3-030-17287-9?noAccess=true 
https://dl.acm.org/doi/abs/10.1145/3283458.3283479 
https://www.sciencedirect.com/science/article/abs/pii/S1386505616300545 
https://link.springer.com/chapter/10.1007/978-3-319-78978-1_21 
http://researcharchive.vuw.ac.nz/handle/10063/365 
https://link.springer.com/chapter/10.1007/978-3-642-13226-1_26 
https://link.springer.com/chapter/10.1007/978-3-030-63396-7_22 
https://www.sciencedirect.com/science/article/abs/pii/S0959652619340843 
https://www.frontiersin.org/articles/10.3389/fcomp.2020.00010/full 
https://www.tandfonline.com/doi/abs/10.1080/13537903.2017.1298903 
https://eprints.leedsbeckett.ac.uk/id/eprint/624/ 
https://ieeexplore.ieee.org/abstract/document/8190439 
https://www.sciencedirect.com/science/article/abs/pii/S0260691716303215 
https://dl.acm.org/doi/abs/10.1145/2930238.2930372 
https://www.sciencedirect.com/science/article/abs/pii/S2352648317300387 
https://link.springer.com/chapter/10.1007/11755494_15 
https://ieeexplore.ieee.org/abstract/document/9379040 
https://www.sciencedirect.com/science/article/abs/pii/S0360544214009633 
https://citeseerx.ist.psu.edu/viewdoc/download?doi=10.1.1.99.5646&rep=rep1&type=pdf 




artificaial intelligence and water locks
https://www.researchgate.net/profile/Peter-Sulek/publication/328270008_EXPERT_CONTROL_SYSTEM_FOR_INCREASE_OF_SAFETY_OF_SHIPPING_OPERATION_ON_THE_GABCIKOVO_PROJECT_ON_THE_DANUBE/links/5ea722baa6fdccd79458844d/EXPERT-CONTROL-SYSTEM-FOR-INCREASE-OF-SAFETY-OF-SHIPPING-OPERATION-ON-THE-GABCIKOVO-PROJECT-ON-THE-DANUBE.pdf 
https://ieeexplore.ieee.org/abstract/document/8016224 
https://link.springer.com/chapter/10.1007/978-3-030-77424-0_34 
https://dspace.mit.edu/handle/1721.1/38701 

https://www.proquest.com/openview/cb394c1238891d1e63afd5fb09c489a4/1?pq-origsite=gscholar&cbl=18750&diss=y 
https://arxiv.org/abs/2110.00661 
https://ieeexplore.ieee.org/abstract/document/9393315 
https://www.proquest.com/openview/880700cabfe01fe69a71b0d9dfb55fc9/1?pq-origsite=gscholar&cbl=18750&diss=y 
https://ieeexplore.ieee.org/abstract/document/8005665 
https://ieeexplore.ieee.org/abstract/document/1014364 
https://books.google.nl/books?hl=en&lr=&id=WXPGDgAAQBAJ&oi=fnd&pg=PR7&dq=artificial+intelligence+waterlock+automation&ots=fVkyAURz3F&sig=VR9Eh5Vmvd7-e1ypZBsJYniVzBE&redir_esc=y#v=onepage&q&f=false 
https://rp.os3.nl/2019-2020/p67/report.pdf 
https://core.ac.uk/download/pdf/199293385.pdf 


https://scholar.google.com/scholar?start=50&q=persuasive+technology&hl=en&as_sdt=0,5 
https://dl.acm.org/doi/abs/10.1145/764008.763957 
https://dl.acm.org/doi/abs/10.1145/301353.301410 
https://journals.sagepub.com/doi/full/10.1177/1460458216650979 
https://link.springer.com/chapter/10.1007/11755494_1 
https://link.springer.com/chapter/10.1007/978-3-540-68504-3_30 
https://link.springer.com/article/10.1007/s10916-015-0425-x 
https://link.springer.com/article/10.1007/s11423-012-9232-y 
https://ieeexplore.ieee.org/abstract/document/1331399 
https://d1wqtxts1xzle7.cloudfront.net/41472864/Using_persuasive_technology_to_encourage20160123-444-1k8te7y-with-cover-page-v2.pdf?Expires=1649250311&Signature=BXKPGMAeaVmbUv526gu7RDrGaTRp4ri4zSS-lL4zg51O5ZIfibBgrPrk9s~UlK04cnIgn2YxEonaC8XTysk4TRFemmfyM58XSOUdNiciGbYduOxL5vxP0nd2BRY5xaIZagWWxNAUQgLG9FilvDuTgMCoZ6O97Swyudk43sENYRbXZLmNF1A1yNjrZjdqPG2gqAo-HN7n~llptUgGZREYEYKsNUV5hPEZ-qatwHQ-UiaRWkkZUlHY7J9gxcZ4jJKB5pBC55DCm-8AvYYOYTwQYPRxcCZss~CdSOrMeLe7UIZj4CW4A9bgpRvZ2-maIpbmpBfAw4dQjC5XJT-818kRMQ__&Key-Pair-Id=APKAJLOHF5GGSLRBV4ZA 
https://dl.acm.org/doi/abs/10.1145/2556288.2557383 
https://link.springer.com/chapter/10.1007/978-3-642-31037-9_11 
https://d1wqtxts1xzle7.cloudfront.net/3890254/verbeek_persuasive06-with-cover-page-v2.pdf?Expires=1649250320&Signature=ZsD3T0P3D3hj4UxWcdVKPbkjgxJJ8BmODWU3gSLak0TrUZYxeyX~Vbkm~intj5-0vzHHwQaNqP1l4ZFGPbvvDb7jSfO1EWsa5rOkbroV-2a-R7Ci13ilxFbNaIGkk5tTOOTZIlKBSL5RYdmYJ6PGYTDFdC7gm850x7-bcyehqcxCGRLMqoPpiRRei9BHVD6OEX3hc36Y0ykno8GBlyw2mL0XoF~OxC66Tiqeef-2peLfPOuT6Jz5C~xTHSBkOEgb0t7wpBwb9k4gu~CWbRi14FEi6TWl1Kc4-CSEPVbm~se14~QxmScvt38MBNj7WNEeAOOaGdoC2tWxT1GPsVCokQ__&Key-Pair-Id=APKAJLOHF5GGSLRBV4ZA 
http://citeseerx.ist.psu.edu/viewdoc/download?doi=10.1.1.416.9728&rep=rep1&type=pdf 
https://dl.acm.org/doi/abs/10.1145/2347635.2347653 
https://link.springer.com/chapter/10.1007/978-3-030-17287-9_12 
https://link.springer.com/book/10.1007/978-3-030-17287-9?noAccess=true 
https://dl.acm.org/doi/abs/10.1145/3283458.3283479 
https://www.sciencedirect.com/science/article/abs/pii/S1386505616300545 
https://link.springer.com/chapter/10.1007/978-3-319-78978-1_21 
http://researcharchive.vuw.ac.nz/handle/10063/365 
https://link.springer.com/chapter/10.1007/978-3-642-13226-1_26 
https://link.springer.com/chapter/10.1007/978-3-030-63396-7_22 
https://www.sciencedirect.com/science/article/abs/pii/S0959652619340843 
https://www.frontiersin.org/articles/10.3389/fcomp.2020.00010/full 
https://www.tandfonline.com/doi/abs/10.1080/13537903.2017.1298903 
https://eprints.leedsbeckett.ac.uk/id/eprint/624/ 
https://ieeexplore.ieee.org/abstract/document/8190439 
https://www.sciencedirect.com/science/article/abs/pii/S0260691716303215 
https://dl.acm.org/doi/abs/10.1145/2930238.2930372 
https://www.sciencedirect.com/science/article/abs/pii/S2352648317300387 
https://link.springer.com/chapter/10.1007/11755494_15 
https://ieeexplore.ieee.org/abstract/document/9379040 
https://www.sciencedirect.com/science/article/abs/pii/S0360544214009633 
https://citeseerx.ist.psu.edu/viewdoc/download?doi=10.1.1.99.5646&rep=rep1&type=pdf 