%% Saved with string encoding Unicode (UTF-8) 


@misc{locke_2020,
  author = "J. Locke",
  title = "Effect of weird tails in 35mm Innsmouth sprocket periodicity distributions on re-tiered bicyclical phase shifting using {C}thulhean logic",
  month = "Dec. 22,",
  year = "2020. [Online]",
  howpublished = "Thing’s Credible!, blog", 
  url = "https://wrywhisker.pulpfriction.net/wallcrust/linear-colinear-felinear.html"
}

misc{CRASHOVERRIDE2018,
	Author = {{IEEE Authorship Series}},
	Howpublished = {\url{https://www.dragos.com/wp-content/uploads/CRASHOVERRIDE2018.pdf}},
	Institution = {{IEEE}},
	Keywords = {writing, paragraph, sentences, ethics},
	Lastchecked = {18/04/2017},
	Title = {How to Write for Technical Periodicals \& Conferences}}
	
misc{NIST,
	Author = {{IEEE Authorship Series}},
	Howpublished = {\url{https://nvlpubs.nist.gov/nistpubs/SpecialPublications/NIST.SP.800-82r2.pdf}},
	Institution = {{IEEE}},
	Keywords = {writing, paragraph, sentences, ethics},
	Lastchecked = {18/04/2017},
	Title = {How to Write for Technical Periodicals \& Conferences}}
	
misc{FULLTEXT,
	Author = {{IEEE Authorship Series}},
	Howpublished = {\url{https://www.diva-portal.org/smash/get/diva2:1046339/FULLTEXT01.pdf}},
	Institution = {{IEEE}},
	Keywords = {writing, paragraph, sentences, ethics},
	Lastchecked = {18/04/2017},
	Title = {How to Write for Technical Periodicals \& Conferences}}

misc{Wind-Farm-Control-Networks,
	Author = {{IEEE Authorship Series}},
	Howpublished = {\url{https://www.blackhat.com/docs/us-17/wednesday/us-17-Staggs-Adventures-In-Attacking-Wind-Farm-Control-Networks.pdf},
	Institution = {{IEEE}},
	Keywords = {writing, paragraph, sentences, ethics},
	Lastchecked = {18/04/2017},
	Title = {How to Write for Technical Periodicals \& Conferences}}

	
	misc{jafary_1534,
	Author = {{IEEE Authorship Series}},
	Howpublished = {\url{https://tutcris.tut.fi/portal/files/16294332/jafary_1534.pdf}},
	Institution = {{IEEE}},
	Keywords = {writing, paragraph, sentences, ethics},
	Lastchecked = {18/04/2017},
	Title = {How to Write for Technical Periodicals \& Conferences}}


	misc{RTU_Secure%20communications,
	Author = {{IEEE Authorship Series}},
	Howpublished = {\url{https://library.e.abb.com/public/f74f9c8be95f4cd09b0b1fbbde699108/4CAE000416_RTU_Secure%20communications_web.pdf}},
	Institution = {{IEEE}},
	Keywords = {writing, paragraph, sentences, ethics},
	Lastchecked = {18/04/2017},
	Title = {How to Write for Technical Periodicals \& Conferences}}


	misc{arracuda_CloudGen_Firewall,
	Author = {{IEEE Authorship Series}},
	Howpublished = {\url{https://assets.barracuda.com/assets/docs/dms/Barracuda_CloudGen_Firewall_SB_Security_for_ICS_and_OT.pdf}},
	Institution = {{IEEE}},
	Keywords = {writing, paragraph, sentences, ethics},
	Lastchecked = {18/04/2017},
	Title = {How to Write for Technical Periodicals \& Conferences}}


	misc{fauri_encryption,
	Author = {{IEEE Authorship Series}},
	Howpublished = {\url{https://www.win.tue.nl/~setalle/2017_fauri_encryption.pdf}},
	Institution = {{IEEE}},
	Keywords = {writing, paragraph, sentences, ethics},
	Lastchecked = {18/04/2017},
	Title = {How to Write for Technical Periodicals \& Conferences}}


	misc{CRASHOVERRIDE,
	Author = {{IEEE Authorship Series}},
	Howpublished = {\url{https://www.dragos.com/wp-content/uploads/CRASHOVERRIDE.pdf}},
	Institution = {{IEEE}},
	Keywords = {writing, paragraph, sentences, ethics},
	Lastchecked = {18/04/2017},
	Title = {How to Write for Technical Periodicals \& Conferences}}


	misc{arxiv_02925,
	Author = {{IEEE Authorship Series}},
	Howpublished = {\url{https://arxiv.org/pdf/2001.02925.pdf}},
	Institution = {{IEEE}},
	Keywords = {writing, paragraph, sentences, ethics},
	Lastchecked = {18/04/2017},
	Title = {How to Write for Technical Periodicals \& Conferences}}


	misc{RUS-UKR,
	Author = {{IEEE Authorship Series}},
	Howpublished = {\url{ttps://css.ethz.ch/content/dam/ethz/special-interest/gess/cis/center-for-securities-studies/pdfs/20181003_MB_HS_RUS-UKR%20V2_rev.pdf}},
	Institution = {{IEEE}},
	Keywords = {writing, paragraph, sentences, ethics},
	Lastchecked = {18/04/2017},
	Title = {How to Write for Technical Periodicals \& Conferences}}


	misc{SANS_Ukraine,
	Author = {{IEEE Authorship Series}},
	Howpublished = {\url{ttps://ics.sans.org/media/E-ISAC_SANS_Ukraine_DUC_6.pdf}},
	Institution = {{IEEE}},
	Keywords = {writing, paragraph, sentences, ethics},
	Lastchecked = {18/04/2017},
	Title = {How to Write for Technical Periodicals \& Conferences}}


	misc{industroyer-ics-malware,
	Author = {{IEEE Authorship Series}},
	Howpublished = {\url{https://www.securityweek.com/industroyer-ics-malware-linked-ukraine-power-grid-attack}},
	Institution = {{IEEE}},
	Keywords = {writing, paragraph, sentences, ethics},
	Lastchecked = {18/04/2017},
	Title = {How to Write for Technical Periodicals \& Conferences}}


	misc{creativecomponents,
	Author = {{IEEE Authorship Series}},
	Howpublished = {\url{https://lib.dr.iastate.edu/cgi/viewcontent.cgi?article=1126&context=creativecomponents}},
	Institution = {{IEEE}},
	Keywords = {writing, paragraph, sentences, ethics},
	Lastchecked = {18/04/2017},
	Title = {How to Write for Technical Periodicals \& Conferences}}


	misc{CrashOverride-01,
	Author = {{IEEE Authorship Series}},
	Howpublished = {\url{https://www.dragos.com/wp-content/uploads/CrashOverride-01.pdf}},
	Institution = {{IEEE}},
	Keywords = {writing, paragraph, sentences, ethics},
	Lastchecked = {18/04/2017},
	Title = {How to Write for Technical Periodicals \& Conferences}}


	misc{ukraines-power-grid-targeted,
	Author = {{IEEE Authorship Series}},
	Howpublished = {\url{https://www.cybersecurityintelligence.com/blog/attack-on-ukraines-power-grid-targeted-transmission-stations-4530.html}},
	Institution = {{IEEE}},
	Keywords = {writing, paragraph, sentences, ethics},
	Lastchecked = {18/04/2017},
	Title = {How to Write for Technical Periodicals \& Conferences}}


	misc{ics-white-paper,
	Author = {{IEEE Authorship Series}},
	Howpublished = {\url{http://www.icare-cybersecurity.com/assets/icare-ics-white-paper-.pdf}},
	Institution = {{IEEE}},
	Keywords = {writing, paragraph, sentences, ethics},
	Lastchecked = {18/04/2017},
	Title = {How to Write for Technical Periodicals \& Conferences}}


	misc{ulnerabilities-to-Cyber,
	Author = {{IEEE Authorship Series}},
	Howpublished = {\url{https://electricenergyonline.com/energy/magazine/181/article/SCADA-System-Vulnerabilities-to-Cyber-Attack.htm}},
	Institution = {{IEEE}},
	Keywords = {writing, paragraph, sentences, ethics},
	Lastchecked = {18/04/2017},
	Title = {How to Write for Technical Periodicals \& Conferences}}


misc{cybersecurity-capability,
	Author = {{IEEE Authorship Series}},
	Howpublished = {\url{https://www.energy.gov/ceser/energy-security/cybersecurity-capability-maturity-model-c2m2-program}},
	Institution = {{IEEE}},
	Keywords = {writing, paragraph, sentences, ethics},
	Lastchecked = {18/04/2017},
	Title = {How to Write for Technical Periodicals \& Conferences}}


misc{crashoverride-designed,
	Author = {{IEEE Authorship Series}},
	Howpublished = {\url{https://isssource.com/crashoverride-designed-for-grid-takedown}},
	Institution = {{IEEE}},
	Keywords = {writing, paragraph, sentences, ethics},
	Lastchecked = {18/04/2017},
	Title = {How to Write for Technical Periodicals \& Conferences}}
	
	
misc{Security-Sessions-Combating
	Author = {{IEEE Authorship Series}},
	Howpublished = {\url{https://electricenergyonline.com/energy/magazine/1104/article/Security-Sessions-Combating-ICS-Threats.htm}},
	Institution = {{IEEE}},
	Keywords = {writing, paragraph, sentences, ethics},
	Lastchecked = {18/04/2017},
	Title = {How to Write for Technical Periodicals \& Conferences}}
	
	
misc{advanced-actors,
	Author = {{IEEE Authorship Series}},
	Howpublished = {\url{https://pylos.co/2018/11/03/crashoverride-when-advanced-actors-look-like-amateurs/}},
	Institution = {{IEEE}},
	Keywords = {writing, paragraph, sentences, ethics},
	Lastchecked = {18/04/2017},
	Title = {How to Write for Technical Periodicals \& Conferences}}
	
	
misc{power-grid-malware,
	Author = {{IEEE Authorship Series}},
	Howpublished = {\url{https://www.bankinfosecurity.com/power-grid-malware-platform-threatens-industrial-controls-a-9987}},
	Institution = {{IEEE}},
	Keywords = {writing, paragraph, sentences, ethics},
	Lastchecked = {18/04/2017},
	Title = {How to Write for Technical Periodicals \& Conferences}}
	
	
misc{crashoverride-is-a-red-flag,
	Author = {{IEEE Authorship Series}},
	Howpublished = {\url{https://www.powermag.com/why-crashoverride-is-a-red-flag-for-u-s-power-companies}},
	Institution = {{IEEE}},
	Keywords = {writing, paragraph, sentences, ethics},
	Lastchecked = {18/04/2017},
	Title = {How to Write for Technical Periodicals \& Conferences}}
	
	
misc{crash-override-malware,
	Author = {{IEEE Authorship Series}},
	Howpublished = {\url{https://www.csoonline.com/article/3200828/crash-override-malware-that-took-down-a-power-grid-may-have-been-a-test-run.html}},
	Institution = {{IEEE}},
	Keywords = {writing, paragraph, sentences, ethics},
	Lastchecked = {18/04/2017},
	Title = {How to Write for Technical Periodicals \& Conferences}}
	
	
misc{TA17-163A,
	Author = {{IEEE Authorship Series}},
	Howpublished = {\url{https://us-cert.cisa.gov/ncas/alerts/TA17-163A}},
	Institution = {{IEEE}},
	Keywords = {writing, paragraph, sentences, ethics},
	Lastchecked = {18/04/2017},
	Title = {How to Write for Technical Periodicals \& Conferences}}
	
	
misc{energy_sector,
	Author = {{IEEE Authorship Series}},
	Howpublished = {\url{https://ec.europa.eu/energy/sites/ener/files/evaluation_of_risks_of_cyber-incidents_and_on_costs_of_preventing_cyber-incidents_in_the_energy_sector.pdf}},
	Institution = {{IEEE}},
	Keywords = {writing, paragraph, sentences, ethics},
	Lastchecked = {18/04/2017},
	Title = {How to Write for Technical Periodicals \& Conferences}}
	
	
misc{315683,
	Author = {{IEEE Authorship Series}},
	Howpublished = {\url{https://www.virsec.com/blog/virsec-hack-analysis-deep-dive-into-industroyer-aka-crash-override}},
	Institution = {{IEEE}},
	Keywords = {writing, paragraph, sentences, ethics},
	Lastchecked = {18/04/2017},
	Title = {How to Write for Technical Periodicals \& Conferences}}
	
	
misc{315683,
	Author = {{IEEE Authorship Series}},
	Howpublished = {\url{https://repositorio-aberto.up.pt/bitstream/10216/119066/2/315683.pdf}},
	Institution = {{IEEE}},
	Keywords = {writing, paragraph, sentences, ethics},
	Lastchecked = {18/04/2017},
	Title = {How to Write for Technical Periodicals \& Conferences}}
	
	
misc{Control_Networks,
	Author = {{IEEE Authorship Series}},
	Howpublished = {\url{https://eg.uc.pt/bitstream/10316/35720/1/Security%20Probes%20for%20Industrial%20Control%20Networks.pdf}},
	Institution = {{IEEE}},
	Keywords = {writing, paragraph, sentences, ethics},
	Lastchecked = {18/04/2017},
	Title = {How to Write for Technical Periodicals \& Conferences}}
	
	
misc{ieee-write,
	Author = {{IEEE Authorship Series}},
	Howpublished = {\url{http://citeseerx.ist.psu.edu/viewdoc/download;jsessionid=0513EED48102FDAD1BD940260EF12B11?doi=10.1.1.548.7490&rep=rep1&type=pdf}},
	Institution = {{IEEE}},
	Keywords = {writing, paragraph, sentences, ethics},
	Lastchecked = {18/04/2017},
	Title = {How to Write for Technical Periodicals \& Conferences}}
	
	
misc{ieee-write,
	Author = {{IEEE Authorship Series}},
	Howpublished = {\url{https://ics.sans.org/media/E-ISAC_SANS_Ukraine_DUC_5.pdf}},
	Institution = {{IEEE}},
	Keywords = {writing, paragraph, sentences, ethics},
	Lastchecked = {18/04/2017},
	Title = {TLP: White  Analysis of the Cyber Attack on the Ukrainian Power Grid \& Conferences}}

misc{ieee-write,
	Author = {{IEEE Authorship Series}},
	Howpublished = {\url{https://na.eventscloud.com/file_uploads/aed4bc20e84d2839b83c18bcba7e2876_Owens1.pdf}},
	Institution = {{IEEE}},
	Keywords = {writing, paragraph, sentences, ethics},
	Lastchecked = {18/04/2017},
	Title = {Ukraine Cyber-Induced Power Outage \& Conferences}}

misc{ieee-write,
	Author = {{IEEE Authorship Series}},
	Howpublished = {\url{https://www.wired.com/2016/03/inside-cunning-unprecedented-hack-ukraines-power-grid/}},
	Institution = {{IEEE}},
	Keywords = {writing, paragraph, sentences, ethics},
	Lastchecked = {18/04/2017},
	Title = {Inside the Cunning, Unprecedented Hack of Ukraine's Power Grid  \& Conferences}}

misc{ieee-write,
	Author = {{IEEE Authorship Series}},
	Howpublished = {\url{http://web.mit.edu/smadnick/www/wp/2016-22.pdf}},
	Institution = {{IEEE}},
	Keywords = {writing, paragraph, sentences, ethics},
	Lastchecked = {18/04/2017},
	Title = {Ukraine Power Grid Cyberattack and US Susceptibility \& Conferences}}

misc{ieee-write,
	Author = {{IEEE Authorship Series}},
	Howpublished = {\url{https://www.wired.com/2016/01/everything-we-know-about-ukraines-power-plant-hack/}},
	Institution = {{IEEE}},
	Keywords = {writing, paragraph, sentences, ethics},
	Lastchecked = {18/04/2017},
	Title = {Everything We Know About Ukraine's Power Plant Hack
 \& Conferences}}

misc{ieee-write,
	Author = {{IEEE Authorship Series}},
	Howpublished = {\url{https://www.fireeye.com/blog/threat-research/2016/01/ukraine-and-sandworm-team.html}},
	Institution = {{IEEE}},
	Keywords = {writing, paragraph, sentences, ethics},
	Lastchecked = {18/04/2017},
	Title = {Sandworm Team and the Ukrainian Power Authority Attacks  \& Conferences}}

misc{ieee-write,
	Author = {{IEEE Authorship Series}},
	Howpublished = {\url{https://us-cert.cisa.gov/ics/alerts/IR-ALERT-H-16-056-01}},
	Institution = {{IEEE}},
	Keywords = {writing, paragraph, sentences, ethics},
	Lastchecked = {18/04/2017},
	Title = {Cyber-Attack Against Ukrainian Critical Infrastructure  \& Conferences}}

misc{ieee-write,
	Author = {{IEEE Authorship Series}},
	Howpublished = {\url{http://citeseerx.ist.psu.edu/viewdoc/download;jsessionid=0513EED48102FDAD1BD940260EF12B11?doi=10.1.1.548.7490&rep=rep1&type=pdf}},
	Institution = {{IEEE}},
	Keywords = {writing, paragraph, sentences, ethics},
	Lastchecked = {18/04/2017},
	Title = {Testing and Exploring Vulnerabilities of the Applications Implementing IEC \& Conferences}}

misc{Industrial_Control_Networks,
	Author = {{IEEE Authorship Series}},
	Howpublished = {\url{https://eg.uc.pt/bitstream/10316/35720/1/Security%20Probes%20for%20Industrial%20Control%20Networks.pdf}},
	Institution = {{IEEE}},
	Keywords = {writing, paragraph, sentences, ethics},
	Lastchecked = {18/04/2017},
	Title = {Security Probes for
Industrial Control
Networks \& Conferences}}

misc{scada,
	Author = {{IEEE Authorship Series}},
	Howpublished = {\url{http://www.scada.sl/2013/11/last-week-four-guys-of-scada.html}},
	Institution = {{IEEE}},
	Keywords = {writing, paragraph, sentences, ethics},
	Lastchecked = {18/04/2017},
	Title = {What hack may come
 \& Conferences}}




misc{ieee-write,
	Author = {{IEEE Authorship Series}},
	Howpublished = {\url{https://repositorio-aberto.up.pt/bitstream/10216/119066/2/315683.pdf}},
	Institution = {{IEEE}},
	Keywords = {writing, paragraph, sentences, ethics},
	Lastchecked = {18/04/2017},
	Title = {Cybersecurity analysis of a SCADA
system under current standards, client
requisites, and penetration testing \& Conferences}}

misc{dive_industroyer,
	Author = {{IEEE Authorship Series}},
	Howpublished = {\url{https://www.virsec.com/blog/virsec-hack-analysis-deep-dive-into-industroyer-aka-crash-override}},
	Institution = {{IEEE}},
	Keywords = {writing, paragraph, sentences, ethics},
	Lastchecked = {18/04/2017},
	Title = {Virsec Hack Analysis: Deep Dive into Industroyer (aka Crash Override)
 \& Conferences}}

misc{ieee-write,
	Author = {{IEEE Authorship Series}},
	Howpublished = {\url{https://ec.europa.eu/energy/sites/ener/files/evaluation_of_risks_of_cyber-incidents_and_on_costs_of_preventing_cyber-incidents_in_the_energy_sector.pdf}},
	Institution = {{IEEE}},
	Keywords = {writing, paragraph, sentences, ethics},
	Lastchecked = {18/04/2017},
	Title = {Study on the Evaluation of Risks of
Cyber-Incidents and on Costs of Preventing
Cyber-Incidents in the Energy Sector \& Conferences}}

misc{ieee-write,
	Author = {{IEEE Authorship Series}},
	Howpublished = {\url{https://www.ifri.org/sites/default/files/atoms/files/desarnaud_cyber_attacks_energy_infrastructures_2017_2.pdf}},
	Institution = {{IEEE}},
	Keywords = {writing, paragraph, sentences, ethics},
	Lastchecked = {18/04/2017},
	Title = {HCyber attacks and energy infrastructures \& Conferences}}

misc{ieee-write,
	Author = {{IEEE Authorship Series}},
	Howpublished = {\url{https://us-cert.cisa.gov/ncas/alerts/TA17-163A}},
	Institution = {{IEEE}},
	Keywords = {writing, paragraph, sentences, ethics},
	Lastchecked = {18/04/2017},
	Title = {Alert (TA17-163A)
 \& Conferences}}

misc{ieee-write,
	Author = {{IEEE Authorship Series}},
	Howpublished = {\url{}},
	Institution = {{IEEE}},
	Keywords = {writing, paragraph, sentences, ethics},
	Lastchecked = {18/04/2017},
	Title = {CrashOverride: The malware for ICS is back again \& Conferences}}

misc{ieee-write,
	Author = {{IEEE Authorship Series}},
	Howpublished = {\url{https://www.incibe-cert.es/en/blog/crashoverride-malware-ics-back-again}},
	Institution = {{IEEE}},
	Keywords = {writing, paragraph, sentences, ethics},
	Lastchecked = {18/04/2017},
	Title = {How to Write for Technical Periodicals \& Conferences}}

misc{ieee-write,
	Author = {{IEEE Authorship Series}},
	Howpublished = {\url{https://rhebo.com/en/service/glossar/industroyer-25114/}},
	Institution = {{IEEE}},
	Keywords = {writing, paragraph, sentences, ethics},
	Lastchecked = {18/04/2017},
	Title = {Industroyer
 \& Conferences}}

misc{ieee-write,
	Author = {{IEEE Authorship Series}},
	Howpublished = {\url{https://www.csoonline.com/article/3200828/crash-override-malware-that-took-down-a-power-grid-may-have-been-a-test-run.html}},
	Institution = {{IEEE}},
	Keywords = {writing, paragraph, sentences, ethics},
	Lastchecked = {18/04/2017},
	Title = {Crash Override: Malware that took down a power grid may have been a test run \& Conferences}}

misc{ieee-write,
	Author = {{IEEE Authorship Series}},
	Howpublished = {\url{}},
	Institution = {{IEEE}},
	Keywords = {writing, paragraph, sentences, ethics},
	Lastchecked = {18/04/2017},
	Title = {How to Write for Technical Periodicals \& Conferences}}


misc{ieee-write,
	Author = {{IEEE Authorship Series}},
	Howpublished = {\url{https://www.powermag.com/why-crashoverride-is-a-red-flag-for-u-s-power-companies/}},
	Institution = {{IEEE}},
	Keywords = {writing, paragraph, sentences, ethics},
	Lastchecked = {18/04/2017},
	Title = {Why CrashOverride Is a Red Flag for U.S. Power Companies \& Conferences}}

misc{ieee-write,
	Author = {{IEEE Authorship Series}},
	Howpublished = {\url{https://www.bankinfosecurity.com/power-grid-malware-platform-threatens-industrial-controls-a-9987}},
	Institution = {{IEEE}},
	Keywords = {writing, paragraph, sentences, ethics},
	Lastchecked = {18/04/2017},
	Title = {Power Grid Malware Platform Threatens Industrial Controls \& Conferences}}

misc{ieee-write,
	Author = {{IEEE Authorship Series}},
	Howpublished = {\url{https://pylos.co/2018/11/03/crashoverride-when-advanced-actors-look-like-amateurs/}},
	Institution = {{IEEE}},
	Keywords = {writing, paragraph, sentences, ethics},
	Lastchecked = {18/04/2017},
	Title = {CRASHOVERRIDE: When “Advanced” Actors Look Like Amateurs \& Conferences}}

misc{ieee-write,
	Author = {{IEEE Authorship Series}},
	Howpublished = {\url{https://isssource.com/crashoverride-designed-for-grid-takedown/}},
	Institution = {{IEEE}},
	Keywords = {writing, paragraph, sentences, ethics},
	Lastchecked = {18/04/2017},
	Title = {CRASHOVERRIDE Designed For Grid Takedowns \& Conferences}}

misc{ieee-write,
	Author = {{IEEE Authorship Series}},
	Howpublished = {\url{https://www.energy.gov/ceser/energy-security/cybersecurity-capability-maturity-model-c2m2-program}},
	Institution = {{IEEE}},
	Keywords = {writing, paragraph, sentences, ethics},
	Lastchecked = {18/04/2017},
	Title = {HCybersecurity Capability Maturity Model (C2M2) Program \& Conferences}}

misc{ieee-write,
	Author = {{IEEE Authorship Series}},
	Howpublished = {\url{https://digitalguardian.com/blog/what-scada-security}},
	Institution = {{IEEE}},
	Keywords = {writing, paragraph, sentences, ethics},
	Lastchecked = {18/04/2017},
	Title = {What is SCADA Security? \& Conferences}}

misc{ieee-write,
	Author = {{IEEE Authorship Series}},
	Howpublished = {\url{https://www.govinfo.gov/content/pkg/CHRG-109hhrg32242/html/CHRG-109hhrg32242.htm}},
	Institution = {{IEEE}},
	Keywords = {writing, paragraph, sentences, ethics},
	Lastchecked = {18/04/2017},
	Title = {SCADA SYSTEMS AND THE TERRORIST
                    THREAT: PROTECTING THE NATION'S
                        CRITICAL CONTROL SYSTEMS\& Conferences}}

misc{ieee-write,
	Author = {{IEEE Authorship Series}},
	Howpublished = {\url{https://www.dpstele.com/blog/major-scada-hacks.php}},
	Institution = {{IEEE}},
	Keywords = {writing, paragraph, sentences, ethics},
	Lastchecked = {18/04/2017},
	Title = {14 Major SCADA Attacks and What You Can Learn From Them \& Conferences}}

misc{ieee-write,
	Author = {{IEEE Authorship Series}},
	Howpublished = {\url{https://electricenergyonline.com/energy/magazine/181/article/SCADA-System-Vulnerabilities-to-Cyber-Attack.htm}},
	Institution = {{IEEE}},
	Keywords = {writing, paragraph, sentences, ethics},
	Lastchecked = {18/04/2017},
	Title = {SCADA System Vulnerabilities to Cyber Attacs \& Conferences}}

misc{ieee-write,
	Author = {{IEEE Authorship Series}},
	Howpublished = {\url{https://www.technologyreview.com/2019/01/28/137704/industrial-control-systems-are-still-vulnerable-to-malicious-cyberattacks/}},
	Institution = {{IEEE}},
	Keywords = {writing, paragraph, sentences, ethics},
	Lastchecked = {18/04/2017},
	Title = {How to Write for Technical Periodicals \& Conferences}}


misc{ieee-write,
	Author = {{IEEE Authorship Series}},
	Howpublished = {\url{}},
	Institution = {{IEEE}},
	Keywords = {writing, paragraph, sentences, ethics},
	Lastchecked = {18/04/2017},
	Title = {How to Write for Technical Periodicals \& Conferences}}

misc{ieee-write,
	Author = {{IEEE Authorship Series}},
	Howpublished = {\url{}},
	Institution = {{IEEE}},
	Keywords = {writing, paragraph, sentences, ethics},
	Lastchecked = {18/04/2017},
	Title = {industrial-control-systems-are-still-vulnerable-to-malicious-cyberattacks \& Conferences}}

misc{ieee-write,
	Author = {{IEEE Authorship Series}},
	Howpublished = {\url{http://www.icare-cybersecurity.com/assets/icare-ics-white-paper-.pdf}},
	Institution = {{IEEE}},
	Keywords = {writing, paragraph, sentences, ethics},
	Lastchecked = {18/04/2017},
	Title = {Cyber Security for SCADA and DCS systems
A summary of the current situation and Key points to consider \& Conferences}}

misc{ieee-write,
	Author = {{IEEE Authorship Series}},
	Howpublished = {\url{https://theconversation.com/cyberattack-on-ukraine-grid-heres-how-it-worked-and-perhaps-why-it-was-done-52802}},
	Institution = {{IEEE}},
	Keywords = {writing, paragraph, sentences, ethics},
	Lastchecked = {18/04/2017},
	Title = {Cyberattack on Ukraine grid: here’s how it worked and perhaps why it was done \& Conferences}}

misc{ieee-write,
	Author = {{IEEE Authorship Series}},
	Howpublished = {\url{https://www.cybersecurityintelligence.com/blog/attack-on-ukraines-power-grid-targeted-transmission-stations-4530.html}},
	Institution = {{IEEE}},
	Keywords = {writing, paragraph, sentences, ethics},
	Lastchecked = {18/04/2017},
	Title = {Attack On Ukraine's Power Grid Targeted Transmission Stations \& Conferences}}

misc{ieee-write,
	Author = {{IEEE Authorship Series}},
	Howpublished = {\url{https://www.recordedfuture.com/crashoverride-malware-overview/}},
	Institution = {{IEEE}},
	Keywords = {writing, paragraph, sentences, ethics},
	Lastchecked = {18/04/2017},
	Title = {CRASHOVERRIDE: The Malware That Attacks Power Grids \& Conferences}}

misc{ieee-write,
	Author = {{IEEE Authorship Series}},
	Howpublished = {\url{https://www.dragos.com/wp-content/uploads/CRASHOVERRIDE2018.pdf}},
	Institution = {{IEEE}},
	Keywords = {writing, paragraph, sentences, ethics},
	Lastchecked = {18/04/2017},
	Title = {Anatomy of an Attack: Detecting and
Defeating CRASHOVERRIDE \& Conferences}}

misc{ieee-write,
	Author = {{IEEE Authorship Series}},
	Howpublished = {\url{https://www.welivesecurity.com/wp-content/uploads/2017/06/Win32_Industroyer.pdf}},
	Institution = {{IEEE}},
	Keywords = {writing, paragraph, sentences, ethics},
	Lastchecked = {18/04/2017},
	Title = {WIN32/INDUSTROYER
A new threat for
industrial control systems \& Conferences}}

misc{ieee-write,
	Author = {{IEEE Authorship Series}},
	Howpublished = {\url{https://ics.sans.org/media/E-ISAC_SANS_Ukraine_DUC_6.pdf}},
	Institution = {{IEEE}},
	Keywords = {writing, paragraph, sentences, ethics},
	Lastchecked = {18/04/2017},
	Title = {Modular ICS Malware
 \& Conferences}}

misc{ieee-write,
	Author = {{IEEE Authorship Series}},
	Howpublished = {\url{https://www.securityweek.com/industroyer-ics-malware-linked-ukraine-power-grid-attack}},
	Institution = {{IEEE}},
	Keywords = {writing, paragraph, sentences, ethics},
	Lastchecked = {18/04/2017},
	Title = {'Industroyer' ICS Malware Linked to Ukraine Power Grid Attack \& Conferences}}


misc{ieee-write,
	Author = {{IEEE Authorship Series}},
	Howpublished = {\url{https://www.cyber.nj.gov/threat-center/threat-profiles/ics-malware-variants/crashoverride/}},
	Institution = {{IEEE}},
	Keywords = {writing, paragraph, sentences, ethics},
	Lastchecked = {18/04/2017},
	Title = {CRASHOVERRIDE
 \& Conferences}}

misc{ieee-write,
	Author = {{IEEE Authorship Series}},
	Howpublished = {\url{https://lib.dr.iastate.edu/cgi/viewcontent.cgi?article=1126&context=creativecomponents}},
	Institution = {{IEEE}},
	Keywords = {writing, paragraph, sentences, ethics},
	Lastchecked = {18/04/2017},
	Title = {Scalable and Modular Implementation of Scenario-based Cyber
Attacks and Defense Methodologies on CPS Security SCADA
Testbed  \& Conferences}}

misc{ieee-write,
	Author = {{IEEE Authorship Series}},
	Howpublished = {\url{https://www.zdnet.com/pictures/the-worlds-most-famous-and-dangerous-apt-state-developed-malware/6/}},
	Institution = {{IEEE}},
	Keywords = {writing, paragraph, sentences, ethics},
	Lastchecked = {18/04/2017},
	Title = {The world's most famous and dangerous APT (state-developed) malware
 \& Conferences}}

misc{ieee-write,
	Author = {{IEEE Authorship Series}},
	Howpublished = {\url{https://css.ethz.ch/content/dam/ethz/special-interest/gess/cis/center-for-securities-studies/pdfs/20181003_MB_HS_RUS-UKR%20V2_rev.pdf}},
	Institution = {{IEEE}},
	Keywords = {writing, paragraph, sentences, ethics},
	Lastchecked = {18/04/2017},
	Title = {Cyber and Information warfare in
the Ukrainian conflict \& Conferences}}

misc{ieee-write,
	Author = {{IEEE Authorship Series}},
	Howpublished = {\url{https://malware.news/t/found-crash-override-malware-that-triggered-ukrainian-power-outage/12720}},
	Institution = {{IEEE}},
	Keywords = {writing, paragraph, sentences, ethics},
	Lastchecked = {18/04/2017},
	Title = {Found: “Crash Override” malware that triggered Ukrainian power outage

misc{ieee-write,
	Author = {{IEEE Authorship Series}},
	Howpublished = {\url{http://citeseerx.ist.psu.edu/viewdoc/download;jsessionid=0513EED48102FDAD1BD940260EF12B11?doi=10.1.1.548.7490&rep=rep1&type=pdf}},
	Institution = {{IEEE}},
	Keywords = {writing, paragraph, sentences, ethics},
	Lastchecked = {18/04/2017},
	Title = {Testing and Exploring Vulnerabilities of
the Applications Implementing IEC
60870-5-104 Protocol \& Conferences}}

misc{ieee-write,
	Author = {{IEEE Authorship Series}},
	Howpublished = {\url{https://www.dragos.com/wp-content/uploads/CrashOverride-01.pdf}},
	Institution = {{IEEE}},
	Keywords = {writing, paragraph, sentences, ethics},
	Lastchecked = {18/04/2017},
	Title = {CRASHOVERRIDE
Analysis of the Threat
to Electric Grid Operations\& Conferences}}

misc{ieee-write,
	Author = {{IEEE Authorship Series}},
	Howpublished = {\url{https://us-cert.cisa.gov/ics/Recommended-Practices}},
	Institution = {{IEEE}},
	Keywords = {writing, paragraph, sentences, ethics},
	Lastchecked = {18/04/2017},
	Title = {Recommended Practices
 \& Conferences}}




@article{schon2017agile,
  title={Agile Requirements Engineering: A systematic literature review},
  author={Sch\"on, Eva-Maria and Thomaschewski, J\"org and Escalona, Maria Jose},
  journal={Computer Standards \& Interfaces},
  volume={49},
  pages={79--91},
  year={2017},
  publisher={Elsevier}
}

@inproceedings{royce1987managing,
  title={Managing the development of large software systems: concepts and techniques},
  author={Royce, Winston W},
  booktitle={Proceedings of the 9th international conference on Software Engineering},
  pages={328--338},
  year=1987,
  organization={IEEE Computer Society Press}
}

@article{leveson1993investigation,
  title={An investigation of the Therac-25 accidents},
  author={Leveson, Nancy G and Turner, Clark S},
  journal={IEEE computer},
  volume={26},
  number={7},
  pages={18--41},
  year={1993}
}
@book{modelchecking,
 author = {Clarke,Jr., Edmund M. and Grumberg, Orna and Peled, Doron A.},
 title = {Model Checking},
 year = {1999},
 isbn = {0-262-03270-8},
 publisher = {MIT Press},
 address = {Cambridge, MA, USA},
}
@inproceedings{nuseibeh2000requirements,
  title={Requirements engineering: a roadmap},
  author={Nuseibeh, Bashar and Easterbrook, Steve},
  booktitle={Proceedings of the Conference on the Future of Software Engineering},
  pages={35--46},
  year={2000},
  organization={ACM}
}


	@misc{nitrate,
	Author = {{IEEE Authorship Series}},
	Howpublished = {\url{https://www.ysi.com/parameters/nitrate}},
	Institution = {{IEEE}},
	Keywords = {writing, paragraph, sentences, ethics},
	Lastchecked = {18/04/2017},
	Title = {How to Write for Technical Periodicals \& Conferences}}
	
	
	
	@misc{elektrode,
	Author = {{IEEE Authorship Series}},
	Howpublished = {\url{https://nl.wikipedia.org/wiki/Elektrode}},
	Institution = {{IEEE}},
	Keywords = {writing, paragraph, sentences, ethics},
	Lastchecked = {18/04/2017},
	Title = {How to Write for Technical Periodicals \& Conferences}}
	
	@misc{nitratax,
	Author = {{IEEE Authorship Series}},
	Howpublished = {\url{https://www.em-solutions.co.uk/wp-content/uploads/Nitratax-sc-brochure.pdf}},
	Institution = {{IEEE}},
	Keywords = {writing, paragraph, sentences, ethics},
	Lastchecked = {18/04/2017},
	Title = {How to Write for Technical Periodicals \& Conferences}}
	
	@misc{worldasia35506311,
	Author = {{IEEE Authorship Series}},
	Howpublished = {\url{https://www.bbc.com/news/world-asia-china-35506311}},
	Institution = {{IEEE}},
	Keywords = {writing, paragraph, sentences, ethics},
	Lastchecked = {18/04/2017},
	Title = {How to Write for Technical Periodicals \& Conferences}}
	
	@misc{toxicnewsreflection,
	Author = {{IEEE Authorship Series}},
	Howpublished = {\url{https://toxicnews.org/2015/11/04/a-reflection-on-the-tianjin-explosions/}},
	Institution = {{IEEE}},
	Keywords = {writing, paragraph, sentences, ethics},
	Lastchecked = {18/04/2017},
	Title = {How to Write for Technical Periodicals \& Conferences}}
	
	@misc{chinadialogue,
	Author = {{IEEE Authorship Series}},
	Howpublished = {\url{https://chinadialogue.net/en/pollution/9188-back-to-the-blast-zone-one-year-after-the-tianjin-explosion/}},
	Institution = {{IEEE}},
	Keywords = {writing, paragraph, sentences, ethics},
	Lastchecked = {18/04/2017},
	Title = {How to Write for Technical Periodicals \& Conferences}}
	
@misc{therac1,
	Author = {{IEEE Authorship Series}},
	Howpublished = {\url{http://www.cse.msu.edu/~cse470/Public/Handouts/Therac/Therac_1.html}},
	Institution = {{IEEE}},
	Keywords = {writing, paragraph, sentences, ethics},
	Lastchecked = {18/04/2017},
	Title = {How to Write for Technical Periodicals \& Conferences}}

	
	
	
@misc{theracwiki,
	Author = {{IEEE Authorship Series}},
	Howpublished = {\url{https://en.wikipedia.org/wiki/Therac-25}},
	Institution = {{IEEE}},
	Keywords = {writing, paragraph, sentences, ethics},
	Lastchecked = {18/04/2017},
	Title = {How to Write for Technical Periodicals \& Conferences}}
	
	
	
	@misc{arxiv02925,
	Author = {{IEEE Authorship Series}},
	Howpublished = {\url{https://arxiv.org/pdf/2001.02925.pdf}},
	Institution = {{IEEE}},
	Keywords = {writing, paragraph, sentences, ethics},
	Lastchecked = {18/04/2017},
	Title = {How to Write for Technical Periodicals \& Conferences}}

@misc{teslaautoupdate,
	Author = {{IEEE Authorship Series}},
	Howpublished = {\url{https://www.consumerreports.org/car-safety/tesla-autopilot-update-warns-drivers-sooner-to-keep-hands-on-wheel/}},
	Institution = {{IEEE}},
	Keywords = {writing, paragraph, sentences, ethics},
	Lastchecked = {18/04/2017},
	Title = {How to Write for Technical Periodicals \& Conferences}}

	@misc{ntsbreportfsd,
	Author = {{IEEE Authorship Series}},
	Howpublished = {\url{https://www.forbes.com/sites/bradtempleton/2019/09/06/ntsb-report-on-tesla-autopilot-accident-shows-whats-inside-and-its-not-pretty-for-fsd/?sh=6905e7d4dc55}},
	Institution = {{IEEE}},
	Keywords = {writing, paragraph, sentences, ethics},
	Lastchecked = {18/04/2017},
	Title = {How to Write for Technical Periodicals \& Conferences}}

	

@misc{reutersboeing,
	Author = {{IEEE Authorship Series}},
	Howpublished = {\url{https://www.reuters.com/article/us-boeing-737max/u-s-audit-report-cites-weaknesses-in-faa-certification-of-boeing-737-max-idUSKBN2AO2P6}},
	Institution = {{IEEE}},
	Keywords = {writing, paragraph, sentences, ethics},
	Lastchecked = {18/04/2017},
	Title = {How to Write for Technical Periodicals \& Conferences}}

	

@misc{teslaauto,
	Author = {{IEEE Authorship Series}},
	Howpublished = {\url{https://www.ehstoday.com/safety/article/21919260/ntsb-fatal-crash-involving-tesla-autopilot-resulted-from-driver-errors-overreliance-on-automation}},
	Institution = {{IEEE}},
	Keywords = {writing, paragraph, sentences, ethics},
	Lastchecked = {18/04/2017},
	Title = {How to Write for Technical Periodicals \& Conferences}}

	


@misc{vaarwegenoverzicht,
	Author = {{IEEE Authorship Series}},
	Howpublished = {\url{https://www.rijkswaterstaat.nl/water/vaarwegenoverzicht/maas}},
	Institution = {{IEEE}},
	Keywords = {writing, paragraph, sentences, ethics},
	Lastchecked = {18/04/2017},
	Title = {How to Write for Technical Periodicals \& Conferences}}
@misc{sluizenlemmer,
	Author = {{IEEE Authorship Series}},
	Howpublished = {\url{https://binnenvaartkrant.nl/wachttijden-sluizen-lemmer-lopen-op}},
	Institution = {{IEEE}},
	Keywords = {writing, paragraph, sentences, ethics},
	Lastchecked = {18/04/2017},
	Title = {How to Write for Technical Periodicals \& Conferences}}
	

@misc{richtlijnenvaarwegen,
	Author = {{IEEE Authorship Series}},
	Howpublished = {\url{file:///C:/Users/gally/Downloads/richtlijnen-vaarwegen-2020.pdf}},
	Institution = {{IEEE}},
	Keywords = {writing, paragraph, sentences, ethics},
	Lastchecked = {18/04/2017},
	Title = {How to Write for Technical Periodicals \& Conferences}}
	
@misc{richtlijnvaarweg2020,
	Author = {{IEEE Authorship Series}},
	Howpublished = {\url{file:///C:/Users/gally/Downloads/richtlijnen-vaarwegen-2020.pdf}},
	Institution = {{IEEE}},
	Keywords = {writing, paragraph, sentences, ethics},
	Lastchecked = {18/04/2017},
	Title = {How to Write for Technical Periodicals \& Conferences}}
	
@misc{wormerland,
	Author = {{IEEE Authorship Series}},
	Howpublished = {\url{https://www.wormerland.nl/mozard/!suite86.scherm0325?mPag=883&mLok=1}},
	Institution = {{IEEE}},
	Keywords = {writing, paragraph, sentences, ethics},
	Lastchecked = {18/04/2017},
	Title = {How to Write for Technical Periodicals \& Conferences}}


@misc{sluisonline,
	Author = {{IEEE Authorship Series}},
	Howpublished = {\url{https://www.sluisonline.nl/openingstijden#:~:text=In%20Sluis%20zijn%20de%20winkels,van%2010.00%20tot%2018.00%20uur.}},
	Institution = {{IEEE}},
	Keywords = {writing, paragraph, sentences, ethics},
	Lastchecked = {18/04/2017},
	Title = {How to Write for Technical Periodicals \& Conferences}}
	

@misc{amssluizen,
	Author = {{IEEE Authorship Series}},
	Howpublished = {\url{https://www.amsterdam.nl/parkeren-verkeer/varen-amsterdam/bruggen-sluizen-openingstijden-bediening/}},
	Institution = {{IEEE}},
	Keywords = {writing, paragraph, sentences, ethics},
	Lastchecked = {18/04/2017},
	Title = {How to Write for Technical Periodicals \& Conferences}}
	
@misc{amssluizen02,
	Author = {{IEEE Authorship Series}},
	Howpublished = {\url{https://www.waternet.nl/service-en-contact/varen-in-amsterdam/bediening-en-openingstijden-bruggen-en-sluizen-in-amsterdam/}},
	Institution = {{IEEE}},
	Keywords = {writing, paragraph, sentences, ethics},
	Lastchecked = {18/04/2017},
	Title = {How to Write for Technical Periodicals \& Conferences}}
	


@misc{bedieningstijd,
	Author = {{IEEE Authorship Series}},
	Howpublished = {\url{file:///C:/Users/gally/Downloads/Bedieningstijden.pdf}},
	Institution = {{IEEE}},
	Keywords = {writing, paragraph, sentences, ethics},
	Lastchecked = {18/04/2017},
	Title = {Bedieningstijden}}
	
	@misc{frieslandsluizen,
	Author = {{IEEE Authorship Series}},
	Howpublished = {\url{https://www.fryslan.frl/home/kaarten_3208/item/openingstijden-bruggen-en-sluizen_727.html}},
	Institution = {{IEEE}},
	Keywords = {writing, paragraph, sentences, ethics},
	Lastchecked = {18/04/2017},
	Title = {How to Write for Technical Periodicals \& Conferences}}
	
	@misc{rotterdamsluizen,
	Author = {{IEEE Authorship Series}},
	Howpublished = {\url{https://www.rotterdam.nl/wonen-leven/bruggen-en-sluizen/}},
	Institution = {{IEEE}},
	Keywords = {writing, paragraph, sentences, ethics},
	Lastchecked = {18/04/2017},
	Title = {How to Write for Technical Periodicals \& Conferences}}
	
	
@misc{rijnlandsluizen,
	Author = {{IEEE Authorship Series}},
	Howpublished = {\url{https://www.rijnland.net/uw-loket/varen-in-rijnland/bedieningstijden-sluizen}},
	Institution = {{IEEE}},
	Keywords = {writing, paragraph, sentences, ethics},
	Lastchecked = {18/04/2017},
	Title = {How to Write for Technical Periodicals \& Conferences}}
	@misc{boeing737problems,
	Author = {{IEEE Authorship Series}},
	Howpublished = {\url{https://www.reuters.com/article/us-boeing-737max-idUSKBN20T2EL#:~:text=The%20preliminary%20investigative%20findings%20from,to%20identify%20key%20safety%20problems.}},
	Institution = {{IEEE}},
	Keywords = {writing, paragraph, sentences, ethics},
	Lastchecked = {18/04/2017},
	Title = {How to Write for Technical Periodicals \& Conferences}}
	
	@misc{faaupdate,
	Author = {{IEEE Authorship Series}},
	Howpublished = {\url{https://www.faa.gov/news/updates/?newsId=93206}},
	Institution = {{IEEE}},
	Keywords = {writing, paragraph, sentences, ethics},
	Lastchecked = {18/04/2017},
	Title = {How to Write for Technical Periodicals \& Conferences}}
	
	@misc{mcasfail,
	Author = {{IEEE Authorship Series}},
	Howpublished = {\url{https://www.theverge.com/2019/5/2/18518176/boeing-737-max-crash-problems-human-error-mcas-faa}},
	Institution = {{IEEE}},
	Keywords = {writing, paragraph, sentences, ethics},
	Lastchecked = {18/04/2017},
	Title = {How to Write for Technical Periodicals \& Conferences}}
	@misc{kallibratiemeting,
	Author = {{IEEE Authorship Series}},
	Howpublished = {\url{https://www.ysi.com/ysi-blog/water-blogged-blog/2018/01/calibration-and-measurement-for-nitrate-ises-in-the-lab#:~:text=The%20nitrate%20ISE%20is%20a,independent%20of%20the%20sample%20composition.}},
	Institution = {{IEEE}},
	Keywords = {writing, paragraph, sentences, ethics},
	Lastchecked = {18/04/2017},
	Title = {How to Write for Technical Periodicals \& Conferences}}
	
	@misc{abbanalyse,
	Author = {{IEEE Authorship Series}},
	Howpublished = {\url{https://www.aquanederland.nl/products/abb-analyzers-voor-continue-meting-voor-ammonium-nitraat-fosfaat-e-d/}},
	Institution = {{IEEE}},
	Keywords = {writing, paragraph, sentences, ethics},
	Lastchecked = {18/04/2017},
	Title = {How to Write for Technical Periodicals \& Conferences}}
	


	@misc{kdnuggetscars,
	Author = {{IEEE Authorship Series}},
	Howpublished = {\url{https://www.kdnuggets.com/2017/06/machine-learning-algorithms-used-self-driving-cars.html}},
	Institution = {{IEEE}},
	Keywords = {writing, paragraph, sentences, ethics},
	Lastchecked = {18/04/2017},
	Title = {How to Write for Technical Periodicals \& Conferences}}

	@misc{ieeeseries,
	Author = {{IEEE Authorship Series}},
	Howpublished = {\url{https://ul.org/UL4600}},
	Institution = {{IEEE}},
	Keywords = {writing, paragraph, sentences, ethics},
	Lastchecked = {18/04/2017},
	Title = {How to Write for Technical Periodicals \& Conferences}}
	@misc{unece,
	Author = {{IEEE Authorship Series}},
	Howpublished = {\url{https://unece.org/fileadmin/DAM/trans/doc/2020/wp29grva/GRVA-06-02r1e.pdf}},
	Institution = {{IEEE}},
	Keywords = {writing, paragraph, sentences, ethics},
	Lastchecked = {18/04/2017},
	Title = {How to Write for Technical Periodicals \& Conferences}}

@misc{737maxinvest,
	Author = {{IEEE Authorship Series}},
	Howpublished = {\url{https://transportation.house.gov/committee-activity/boeing-737-max-investigation}},
	Institution = {{IEEE}},
	Keywords = {writing, paragraph, sentences, ethics},
	Lastchecked = {18/04/2017},
	Title = {How to Write for Technical Periodicals \& Conferences}}


@misc{guvlang,
	Author = {{IEEE Authorship Series}},
	Howpublished = {\url{https://gestis.dguv.de/data?name=496705&lang=en}},
	Institution = {{IEEE}},
	Keywords = {writing, paragraph, sentences, ethics},
	Lastchecked = {18/04/2017},
	Title = {How to Write for Technical Periodicals \& Conferences}}



@misc{therac25,
	Author = {{IEEE Authorship Series}},
	Howpublished = {\url{https://web.stanford.edu/class/cs240/old/sp2014/readings/therac-25.pdf}},
	Institution = {{IEEE}},
	Keywords = {writing, paragraph, sentences, ethics},
	Lastchecked = {18/04/2017},
	Title = {How to Write for Technical Periodicals \& Conferences}}

	
@misc{theracincident,
	Author = {{IEEE Authorship Series}},
	Howpublished = {\url{https://thedailywtf.com/articles/the-therac-25-incident}},
	Institution = {{IEEE}},
	Keywords = {writing, paragraph, sentences, ethics},
	Lastchecked = {18/04/2017},
	Title = {How to Write for Technical Periodicals \& Conferences}}

	
	
@misc{therac,
	Author = {{IEEE Authorship Series}},
	Howpublished = {\url{http://sunnyday.mit.edu/therac-25.html}},
	Institution = {{IEEE}},
	Keywords = {writing, paragraph, sentences, ethics},
	Lastchecked = {18/04/2017},
	Title = {How to Write for Technical Periodicals \& Conferences}}

	
	
@misc{theracbugrace,
	Author = {{IEEE Authorship Series}},
	Howpublished = {\url{https://www.bugsnag.com/blog/bug-day-race-condition-therac-25}},
	Institution = {{IEEE}},
	Keywords = {writing, paragraph, sentences, ethics},
	Lastchecked = {18/04/2017},
	Title = {How to Write for Technical Periodicals \& Conferences}}

	


@misc{flowmeting,
	Author = {{IEEE Authorship Series}},
	Howpublished = {\url{https://www.nl.endress.com/nl/flowmeting-niveaumeting-drukmeting-temperatuurmeting-analysemeting/Vloeistof-analyse-productoverzicht/Nutri%C3%ABntenanalyzers-en-sensoren}},
	Institution = {{IEEE}},
	Keywords = {writing, paragraph, sentences, ethics},
	Lastchecked = {18/04/2017},
	Title = {How to Write for Technical Periodicals \& Conferences}}
    
	@misc{testsenor,
	Author = {{IEEE Authorship Series}},
	Howpublished = {\url{https://www.verantwoordeveehouderij.nl/show/Test-sensor-voor-meten-nitraat-in-de-bodem.htm}},
	Institution = {{IEEE}},
	Keywords = {writing, paragraph, sentences, ethics},
	Lastchecked = {18/04/2017},
	Title = {How to Write for Technical Periodicals \& Conferences}}
	
	@misc{nitraatsensor,
	Author = {{IEEE Authorship Series}},
	Howpublished = {\url{https://www.verantwoordeveehouderij.nl/show/Optische-sensor-TNO-meet-beschikbare-nitraat-in-de-bodem-1.htm#:~:text=mineralisatie%20van%20stikstof.-,Nitraatsensor,bodemvocht%20door%20middel%20van%20lichtreflectie.}},
	Institution = {{IEEE}},
	Keywords = {writing, paragraph, sentences, ethics},
	Lastchecked = {18/04/2017},
	Title = {How to Write for Technical Periodicals \& Conferences}}
	
	@misc{libmanual,
	Author = {{IEEE Authorship Series}},
	Howpublished = {\url{https://www.ysi.com/File%20Library/Documents/Manuals/ba76000-VARiON-Plus-700-IQ-YSI.pdf}},
	Institution = {{IEEE}},
	Keywords = {writing, paragraph, sentences, ethics},
	Lastchecked = {18/04/2017},
	Title = {How to Write for Technical Periodicals \& Conferences}}
	
	@misc{questuvsensor,
	Author = {{IEEE Authorship Series}},
	Howpublished = {\url{https://www.ysi.com/File%20Library/Documents/Guides/5-Questions-to-Ask-Selecting-a-UV-or-UV-Vis-Sensor.pdf}},
	Institution = {{IEEE}},
	Keywords = {writing, paragraph, sentences, ethics},
	Lastchecked = {18/04/2017},
	Title = {How to Write for Technical Periodicals \& Conferences}}
	
    @misc{aviationvoicecrashethio,
	Author = {{IEEE Authorship Series}},
	Howpublished = {\url{https://aviationvoice.com/ethiopian-boeing-737-max-crash-caused-by-design-flaws-only-202003101726/}},
	Institution = {{IEEE}},
	Keywords = {writing, paragraph, sentences, ethics},
	Lastchecked = {18/04/2017},
	Title = {How to Write for Technical Periodicals \& Conferences}}
	

@misc{teslasilval,
	Author = {{IEEE Authorship Series}},
	Howpublished = {\url{https://www.theguardian.com/technology/2018/jun/07/tesla-fatal-crash-silicon-valley-autopilot-mode-report}},
	Institution = {{IEEE}},
	Keywords = {writing, paragraph, sentences, ethics},
	Lastchecked = {18/04/2017},
	Title = {How to Write for Technical Periodicals \& Conferences}}
	

@misc{teslafedpush,
	Author = {{IEEE Authorship Series}},
	Howpublished = {\url{https://www.caranddriver.com/news/a15346519/fatal-tesla-crash-wont-slow-federal-push-for-autonomous-cars/}},
	Institution = {{IEEE}},
	Keywords = {writing, paragraph, sentences, ethics},
	Lastchecked = {18/04/2017},
	Title = {How to Write for Technical Periodicals \& Conferences}}


@misc{ntsbabstract,
	Author = {{IEEE Authorship Series}},
	Howpublished = {\url{https://www.ntsb.gov/news/events/Documents/2017-HWY16FH018-BMG-abstract.pdf}},
	Institution = {{IEEE}},
	Keywords = {writing, paragraph, sentences, ethics},
	Lastchecked = {18/04/2017},
	Title = {How to Write for Technical Periodicals \& Conferences}}
@misc{teslalev5,
	Author = {{IEEE Authorship Series}},
	Howpublished = {\url{https://towardsdatascience.com/tesla-level-5-autopilot-669f6ac6ee63}},
	Institution = {{IEEE}},
	Keywords = {writing, paragraph, sentences, ethics},
	Lastchecked = {18/04/2017},
	Title = {How to Write for Technical Periodicals \& Conferences}}
@misc{lev4lev5,
	Author = {{IEEE Authorship Series}},
	Howpublished = {\url{https://www.forbes.com/sites/lanceeliot/2019/12/20/explaining-level-4-and-level-5-of-self-driving-cars-in-plain-english/}},
	Institution = {{IEEE}},
	Keywords = {writing, paragraph, sentences, ethics},
	Lastchecked = {18/04/2017},
	Title = {How to Write for Technical Periodicals \& Conferences}}
@misc{carlevels,
	Author = {{IEEE Authorship Series}},
	Howpublished = {\url{https://www.caranddriver.com/features/a15079828/autonomous-self-driving-car-levels-car-levels/}},
	Institution = {{IEEE}},
	Keywords = {writing, paragraph, sentences, ethics},
	Lastchecked = {18/04/2017},
	Title = {How to Write for Technical Periodicals \& Conferences}}
@misc{autodrive,
	Author = {{IEEE Authorship Series}},
	Howpublished = {\url{https://www.bmw.com/en/automotive-life/autonomous-driving.html}},
	Institution = {{IEEE}},
	Keywords = {writing, paragraph, sentences, ethics},
	Lastchecked = {18/04/2017},
	Title = {How to Write for Technical Periodicals \& Conferences}}


@misc{avsnhtsa,
	Author = {{IEEE Authorship Series}},
	Howpublished = {\url{https://www.nhtsa.gov/technology-innovation/automated-vehicles-safety}},
	Institution = {{IEEE}},
	Keywords = {writing, paragraph, sentences, ethics},
	Lastchecked = {18/04/2017},
	Title = {How to Write for Technical Periodicals \& Conferences}}


@misc{teslastickers,
	Author = {{IEEE Authorship Series}},
	Howpublished = {\url{https://spectrum.ieee.org/cars-that-think/transportation/self-driving/three-small-stickers-on-road-can-steer-tesla-autopilot-into-oncoming-lane}},
	Institution = {{IEEE}},
	Keywords = {writing, paragraph, sentences, ethics},
	Lastchecked = {18/04/2017},
	Title = {How to Write for Technical Periodicals \& Conferences}}
	@misc{applsci,
	Author = {{IEEE Authorship Series}},
	Howpublished = {\url{file:///C:/Users/gally/Downloads/applsci-10-02749-v2.pdf}},
	Institution = {{IEEE}},
	Keywords = {writing, paragraph, sentences, ethics},
	Lastchecked = {18/04/2017},
	Title = {How to Write for Technical Periodicals \& Conferences}}

@misc{teslaupdate,
	Author = {{IEEE Authorship Series}},
	Howpublished = {\url{https://www.theverge.com/2020/10/21/21527577/tesla-full-self-driving-autopilot-beta-software-update}},
	Institution = {{IEEE}},
	Keywords = {writing, paragraph, sentences, ethics},
	Lastchecked = {18/04/2017},
	Title = {How to Write for Technical Periodicals \& Conferences}}
	@misc{tesla_acc,
	Author = {{IEEE Authorship Series}},
	Howpublished = {\url{https://arstechnica.com/cars/2019/10/how-teslas-latest-acquisition-could-accelerate-autopilot-development/}},
	Institution = {{IEEE}},
	Keywords = {writing, paragraph, sentences, ethics},
	Lastchecked = {18/04/2017},
	Title = {How to Write for Technical Periodicals \& Conferences}}
	
	@misc{1251,
	Author = {{IEEE Authorship Series}},
	Howpublished = {\url{https://bernardmarr.com/default.asp?contentID=1251}},
	Institution = {{IEEE}},
	Keywords = {writing, paragraph, sentences, ethics},
	Lastchecked = {18/04/2017},
	Title = {How to Write for Technical Periodicals \& Conferences}}
	
	@misc{teslasdataengine,
	Author = {{IEEE Authorship Series}},
	Howpublished = {\url{https://www.braincreators.com/brainpower/insights/teslas-data-engine-and-what-we-should-all-learn-from-it}},
	Institution = {{IEEE}},
	Keywords = {writing, paragraph, sentences, ethics},
	Lastchecked = {18/04/2017},
	Title = {How to Write for Technical Periodicals \& Conferences}}
	

@misc{teslabigdata,
	Author = {{IEEE Authorship Series}},
	Howpublished = {\url{https://www.techiexpert.com/how-tesla-is-using-artificial-intelligence-and-big-data/}},
	Institution = {{IEEE}},
	Keywords = {writing, paragraph, sentences, ethics},
	Lastchecked = {18/04/2017},
	Title = {How to Write for Technical Periodicals \& Conferences}}
	
	@misc{teslaapplsci,
	Author = {{IEEE Authorship Series}},
	Howpublished = {\url{file:///C:/Users/gally/Downloads/applsci-10-02749-v2.pdf}},
	Institution = {{IEEE}},
	Keywords = {writing, paragraph, sentences, ethics},
	Lastchecked = {18/04/2017},
	Title = {How to Write for Technical Periodicals \& Conferences}}
	
@misc{teslaanalytioper,
	Author = {{IEEE Authorship Series}},
	Howpublished = {\url{https://www.analyticssteps.com/blogs/how-tesla-making-use-artificial-intelligence-its-operations}},
	Institution = {{IEEE}},
	Keywords = {writing, paragraph, sentences, ethics},
	Lastchecked = {18/04/2017},
	Title = {How to Write for Technical Periodicals \& Conferences}}


	@misc{tesladeep,
	Author = {{IEEE Authorship Series}},
	Howpublished = {\url{https://towardsdatascience.com/teslas-deep-learning-at-scale-7eed85b235d3}},
	Institution = {{IEEE}},
	Keywords = {writing, paragraph, sentences, ethics},
	Lastchecked = {18/04/2017},
	Title = {How to Write for Technical Periodicals \& Conferences}}

@misc{thevergetesla,
	Author = {{IEEE Authorship Series}},
	Howpublished = {\url{https://www.theverge.com/2020/10/21/21527577/tesla-full-self-driving-autopilot-beta-software-update}},
	Institution = {{IEEE}},
	Keywords = {writing, paragraph, sentences, ethics},
	Lastchecked = {18/04/2017},
	Title = {How to Write for Technical Periodicals \& Conferences}}


@misc{dataenginetesla,
	Author = {{IEEE Authorship Series}},
	Howpublished = {\url{https://www.braincreators.com/brainpower/insights/teslas-data-engine-and-what-we-should-all-learn-from-it}},
	Institution = {{IEEE}},
	Keywords = {writing, paragraph, sentences, ethics},
	Lastchecked = {18/04/2017},
	Title = {How to Write for Technical Periodicals \& Conferences}}


@misc{teslaautopilot,
	Author = {{IEEE Authorship Series}},
	Howpublished = {\url{https://www.bloomberg.com/graphics/2019-tesla-model-3-survey/autopilot.html}},
	Institution = {{IEEE}},
	Keywords = {writing, paragraph, sentences, ethics},
	Lastchecked = {18/04/2017},
	Title = {How to Write for Technical Periodicals \& Conferences}}

@misc{isostandard,
	Author = {{IEEE Authorship Series}},
	Howpublished = {\url{https://www.iso.org/standard/70939.html}},
	Institution = {{IEEE}},
	Keywords = {writing, paragraph, sentences, ethics},
	Lastchecked = {18/04/2017},
	Title = {How to Write for Technical Periodicals \& Conferences}}



@misc{selfdeepml,
	Author = {{IEEE Authorship Series}},
	Howpublished = {\url{https://bdtechtalks.com/2020/07/29/self-driving-tesla-car-deep-learningl}},
	Institution = {{IEEE}},
	Keywords = {writing, paragraph, sentences, ethics},
	Lastchecked = {18/04/2017},
	Title = {How to Write for Technical Periodicals \& Conferences}}

@misc{forbesbigdata,
	Author = {{IEEE Authorship Series}},
	Howpublished = {\url{https://www.forbes.com/sites/bernardmarr/2018/01/08/the-amazing-ways-tesla-is-using-artificial-intelligence-and-big-data/?sh=5e396aa24270}},
	Institution = {{IEEE}},
	Keywords = {writing, paragraph, sentences, ethics},
	Lastchecked = {18/04/2017},
	Title = {How to Write for Technical Periodicals \& Conferences}}



@misc{techiebigdata,
	Author = {{IEEE Authorship Series}},
	Howpublished = {\url{https://www.techiexpert.com/how-tesla-is-using-artificial-intelligence-and-big-data/}},
	Institution = {{IEEE}},
	Keywords = {writing, paragraph, sentences, ethics},
	Lastchecked = {18/04/2017},
	Title = {How to Write for Technical Periodicals \& Conferences}}


