%% Saved with string encoding Unicode (UTF-8) 



misc{para,
	Author = {{IEEE Referencing}},
	Howpublished = {\url{http://libguides.bhtafe.edu.au/content.php?pid=88814&sid=660920}},
	Keywords = {paraphrasing, plagariasm, citation, quotation},
	Lastchecked = {19/04/2017},
	Title = {{How to Cite\/Quote in Your Assignment}}}

misc{ieee-write,
	Author = {{IEEE Authorship Series}},
	Howpublished = {\url{http://ieeeauthorcenter.ieee.org/wp-content/uploads/How-to-Write-for-Technical-Periodicals-and-Conferences.pdf}},
	Institution = {{IEEE}},
	Keywords = {writing, paragraph, sentences, ethics},
	Lastchecked = {18/04/2017},
	Title = {How to Write for Technical Periodicals \& Conferences}}



@article{schon2017agile,
  title={Agile Requirements Engineering: A systematic literature review},
  author={Sch\"on, Eva-Maria and Thomaschewski, J\"org and Escalona, Maria Jose},
  journal={Computer Standards \& Interfaces},
  volume={49},
  pages={79--91},
  year={2017},
  publisher={Elsevier}
}

@inproceedings{royce1987managing,
  title={Managing the development of large software systems: concepts and techniques},
  author={Royce, Winston W},
  booktitle={Proceedings of the 9th international conference on Software Engineering},
  pages={328--338},
  year=1987,
  organization={IEEE Computer Society Press}
}

@article{leveson1993investigation,
  title={An investigation of the Therac-25 accidents},
  author={Leveson, Nancy G and Turner, Clark S},
  journal={IEEE computer},
  volume={26},
  number={7},
  pages={18--41},
  year={1993}
}
@book{medicaldevices,
 author = {Leveson, N.},
 title = {Medical Devices: The Therac-25},
 year = {1995},
 publisher = {University of Washington},
 address = {Washington, USA},
}
@inproceedings{nuseibeh2000requirements,
  title={Requirements engineering: a roadmap},
  author={Nuseibeh, Bashar and Easterbrook, Steve},
  booktitle={Proceedings of the Conference on the Future of Software Engineering},
  pages={35--46},
  year={2000},
  organization={ACM}
}
@book{electroniccommunications,
 author = {Patcas, Lucian M. and Lawford ,Mark  and Maibaum, Tom .},
 title = {Electronic Communications of the EASST
Volume 66 },
 year = {2013},
 ISSN = {1863-2122},
 publisher = {McMaster University},
 address = {Department of Computing and Software, McMaster University, Canada},
}
@book{neergestorttijdensnadering,
 author = {prof. mr. Pieter van Vollenhoven, mr. J.A. Hulsenbek, mr. J.W. Selles},
 title = {Neergestort tijdens nadering, Boeing 737-800,
nabij Amsterdam Schiphol Airport, 25 februari 2009},
 year = {2009},
 publisher = {Onderzoeksraad},
 address = {Anna van Saksenlaan 50, 2593HT, Den Haag},
}
@book{chernobylaccident,
 author = {V. Kortov, Yu. Ustyantsev},
 title = {Chernobyl accident: Causes, consequences and problems of radiation
measurements},
 year = {2012},
 publisher = {Physical \& Engineering Institute, Ural Federal University},
 address = {, 19 Mira Str., 620002 Ekaterinburg, Russia},
}

@book{chernobylconsequences,
 author = {V. Saenko, V. Ivanov, A. Tsyb, T. Bogdanova, M. Tronko, Yu. Demidchik, S. Yamashita
},
 title = {The Chernobyl Accident and its Consequences},
 year = {2011},
 publisher = {Elsevier Ltd.},
}
@article{allcircuits,
  title={All Circuits are Busy Now: The 1990 AT\&T Long Distance Network Collapse},
  author={Dennis Burke},
  journal={California Polytechnic State University},
  year={1995}
}
@article{networkfailure,
  title={Cause of AT\&T network failure},
  author={Peter G. Neumann},
  journal={The Risks Digest},
  volume={9},
  number={62},
  pages={11},
  year={1990}
}
@misc{ariane5,
  title={ARIANE 5
Flight 501 Failure
Report by the Inquiry Board},
  author={Prof. J. L. LIONS},
  year={1996}
}
@article{marsprobe,
  title={Why the Mars probe went off course [accident investigation]},
  author={J. Oberg},
  journal={IEEE Spectrum},
  publisher = {IEEE},
  volume={36},
  number={12},
  pages={34--39},
  year={1999}
}