\bibitem{paper}
Lars Kuhtz (2010)  \emph{Paper}, Model Checking Finite Paths and Trees.
\\\texttt{https://www.react.uni-saarland.de/publications/diss-kuhtz.pdf}

\bibitem{paper}
J. van Leeuwen(1990)  \emph{Paper}, Temporal and Modal Logic.
\\\texttt{https://www.mbsd.cs.ru.nl/publications/papers/fvaan/SLIDES/tl.pdf}

\bibitem{powerpoint}
Author onbekend (2020)  \emph{Paper}, Model Checking .
\\\texttt{http://www.cs.toronto.edu/~sheila/2542/w06/readings/chechik-model-checking.pdf}

\bibitem{paper}
Emina Torlak (date unknown)  \emph{Paper}, Model Checking 1
\\\texttt{https://courses.cs.washington.edu/courses/cse507/14au/slides/L14.pdf}

\bibitem{paper}
GEORGE CHATZIELEFTHERIOU, BORZOO BONAKDARPOUR, PANAGIOTIS KATSAROS AND SCOTT A. SMOLKA(2015)  \emph{Paper}, ABSTRACT MODEL REPAIR .
\\\texttt{https://arxiv.org/pdf/1506.06165.pdf}

\bibitem{paper}
Krishnendu Chatterjee1 and Laurent Doyen2  \emph{Paper}, Computation Tree Logic for SynchronizationProperties.
\\\texttt{http://www.lsv.fr/~doyen/papers/Computation_Tree_Logic_for_Synchronization_Properties.pdf}

\bibitem{lecture}
Onbekend  \emph{Paper}, Lecture 7: Computation Tree Logics.
\\\texttt{http://www.cs.cmu.edu/~emc/15414-f11/lecture/lec11_TempLogic.pdf}

\bibitem{paper}
Sagar Chaki Edmund M. Clarke Jo¨el Ouaknine
Natasha Sharygina Nishant Sinha   \emph{Paper}, State/Event-based Software Model Checking?.
\\\texttt{https://www.inf.usi.ch/faculty/sharygina/ifm1.pdf}

\bibitem{paper}
Markus Muller-Olm1
, David Schmidt2
, and Bernhard Steven  \emph{Paper}, Model-Checking
A Tutorial Introduction.
\\\texttt{http://people.cs.ksu.edu/~schmidt/705a/Lectures/sas99.pdf}

\bibitem{paper}
UDI BOKER, The Interdisciplinary Center, Herzliya, Israel
KRISHNENDU CHATTERJEE, IST Austria, Klosterneuburg, Austria
THOMAS A. HENZINGER, IST Austria, Klosterneuburg, Austria
ORNA KUPFERMAN, The Hebrew University, Jerusalem, Israel \emph{Paper}, Temporal Specifications with Accumulative Values.
\\\texttt{http://www.faculty.idc.ac.il/udiboker/files/AccumulativeValuesJ.pdf}

\bibitem{paper}
Thomas Agotnes, Wiebe van der Hoek , Michael Wooldridge  \emph{Paper},Normative System Games.
\\\texttt{https://folk.uib.no/nmita/publications/aamas-07b.pdf}

\bibitem{paper}
Edmund M. Clarke , Flavio Lerda   \emph{Paper}, Model Checking: Software and Beyond.
\\\texttt{http://www.cs.man.ac.uk/~banach/CSIComm-May07-FM-Papers/050ClarkeLerda.pdf}

\bibitem{paper}
Martina Seidl  \emph{Paper},SAT-BASED BOUNDED MODEL
CHECKING.
\\\texttt{http://fmv.jku.at/fm/satbmc.pdf}

\bibitem{paper}
Natasha Alechin (2003)  \emph{Paper},Modal Logic.
\\\texttt{http://www.cs.nott.ac.uk/~psznza/mgs1-hand.pdf}


\bibitem{paper}
 Miguel Carrillo1 , David A. Rosenblueth(2009)  \emph{Paper},A METHOD FOR CTL MODEL UPDATE, REPRESENTING
KRIPKE STRUCTURES AS “TABLE SYSTEMS”.
\\\texttt{https://ijpam.eu/contents/2009-52-3/7/7.pdf}


\bibitem{paper}
Shoham Ben-David Richard Trefler Grant Weddel  \emph{Paper},Model checking the basic modalities of CTL with Description
Logic
.
\\\texttt{http://ceur-ws.org/Vol-189/submission_33.pdf}


\bibitem{paper}
Prof. Dr. Bernhard Beckert · Dr. Mattias Ulbrich (2016)  \emph{Paper},Formale Systeme II: Theorie
Dynamic Logic:
Propositional Dynamic Logic.
\\\texttt{https://formal.iti.kit.edu/teaching/FormSys2SoSe2016/01pdl.pdf}


\bibitem{paper}
 Jan Peleska and Wen-ling Huang (2018-04-17)  \emph{Paper},Theory of Reactive Systems
.
\\\texttt{http://www.cs.uni-bremen.de/agbs/jp/papers/trs_script.pdf}


\bibitem{paper}
Armando Solar-Lezama 
 (Dec 01, 2011 )  \emph{Paper},Explicit State Model Checking.
\\\texttt{https://ocw.mit.edu/courses/electrical-engineering-and-computer-science/6-820-fundamentals-of-program-analysis-fall-2015/lecture-notes/MIT6_820F15_L23.pdf}


\bibitem{paper}
 Yaping Jing (2015)  \emph{Paper}, A formal language towards the unification of model
checking and performance evaluation.
\\\texttt{https://lib.dr.iastate.edu/cgi/viewcontent.cgi?article=5862&context=etd}



\bibitem{paper}
 (2003)  \emph{Paper},.
\\\texttt{http://www.lsv.fr/~doyen/papers/Computation_Tree_Logic_for_Synchronization_Properties.pdf}



\bibitem{paper}
 (2003)  \emph{Paper},Basics of Model Checking.
\\\texttt{http://hagi.is.s.u-tokyo.ac.jp/pub/staff/hagiya/kougiroku/ksk/basics.pdf}


\bibitem{paper}
 (2003)  \emph{Paper},.
\\\texttt{https://www.comp.nus.edu.sg/~cs5270/Notes/chapt5.pdf}


\bibitem{paper}
 (2003)  \emph{Paper},.
\\\texttt{https://ijpam.eu/contents/2009-52-3/7/7.pdf}


\bibitem{paper}
 (2003)  \emph{Paper},.
\\\texttt{http://ceur-ws.org/Vol-189/submission_33.pdf}


\bibitem{paper}
 (2003)  \emph{Paper},.
\\\texttt{https://www.aaai.org/Papers/AAAI/2007/AAAI07-077.pdf}



\bibitem{paper}
 Afsaneh Shirazi and Eyal Amir
   \emph{Paper},Probabilistic Modal Logic
.
\\\texttt{https://www.aaai.org/Papers/AAAI/2007/AAAI07-077.pdf}


\bibitem{paper}
 (2003)  \emph{Paper},.
\\\texttt{https://www.cs.utexas.edu/users/browne/uvvf2008/IntroductiontoModelsandAbstractions.pdf}


\bibitem{Lecture}
Introduction to Models and Abstractions
Outline for Lecture (9/4/2007)  \emph{Paper},.
\\\texttt{}


\bibitem{paper}
François Laroussinie LIAFA – Nicolas Markey(2003)  \emph{Paper}, Temporal logics for multi-agent systems
Expressiveness and algorithms.
\\\texttt{http://people.irisa.fr/Nicolas.Markey/PDF/Talks/150810-NM-TL4MAS.pdf}


\bibitem{paper}
 Schuppan, Viktor
 (2006)  \emph{Paper},Liveness checking as safety checking to find shortest
counterexamples to linear time properties.
\\\texttt{https://www.research-collection.ethz.ch/bitstream/handle/20.500.11850/149210/eth-28598-02.pdf?sequence=2&isAllowed=y}


\bibitem{paper}
 Lei Feng1, Karl Meinke2, Fei Niu2,
Muddassar A. Sindhu2, and Peter Y. H. Wong3  \emph{Paper},Case Studies in Learning-based Testing
.
\\\texttt{http://kth.diva-portal.org/smash/get/diva2:610371/FULLTEXT02.pdf}



\bibitem{Lecture}
YANN THIERRY-MIEG
(2016) \emph{Paper}, From Symbolic Verification
To Domain Specific Languages
 Applications and Case Studies chapter VI.
\\\texttt{https://pages.lip6.fr/Yann.Thierry-Mieg/hdr-ytm.pdf}



\bibitem{paper}
Lijun Zhang
 (9th April 2018)  \emph{Paper},Learning B¨uchi Automata and Its Applications
\\\texttt{http://www.swu-rise.net.cn/SETSS2018/download/LearningBuchiAutomataandItsApplications-Prof.LijunZhang.pdf}


\bibitem{paper}
Wolfgang Ahrendt
(22nd April 2013)  \emph{Paper},B¨uchi Automata and their Application to Software Verification Finite Automata Theory and Formal Languages
\\\texttt{http://www.cse.chalmers.se/edu/year/2013/course/TMV027/wolfgang-slides.pdf}


\bibitem{paper}
Tevfik Bultan
 (date unknown)  \emph{Paper},CS 267: Automated Verification 
\\\texttt{https://sites.cs.ucsb.edu/~bultan/courses/267/lectures/l1.pdf}



\bibitem{paper}
Madhavan Mukund
 (August, 1996)  \emph{Paper},Finite-state Automata on Infinite Inputs
\\\texttt{https://www.imsc.res.in/~madhavan/papers/pdf/tcs-96-2.pdf}

