

\bibitem{lamport94}
http://www.sts.tu-harburg.de/pw-and-m-theses/2012/rinas12.pdf

\bibitem{lamport94}
http://www.sts.tu-harburg.de/pw-and-m-theses/2012/rinas12.pdf
\bibitem{lamport94}
http://people.cs.aau.dk/~adavid/publications/21-tutorial.pdf
\bibitem{lamport94}
http://www.artist-embedded.org/docs/Events/2011/Aix-les-Bains/Presentations/1-Sunday/Kim_Larsen.pdf
\bibitem{lamport94}
https://conservancy.umn.edu/bitstream/handle/11299/190597/Vuppula_umn_0130M_18273.pdf?sequence=1
\bibitem{lamport94}
http://www.avacs.org/fileadmin/Publikationen/Open/dierks05.pdf
\bibitem{lamport94}
https://ori-nuxeo.univ-lille1.fr/nuxeo/site/esupversions/9799b42e-643f-4443-b330-5321cc08b9f4
\bibitem{lamport94}
http://www.hessel.nu/CoVer/publications/frst_Master.pdf
\bibitem{lamport94}
http://ntur.lib.ntu.edu.tw/bitstream/246246/44838/1/01316040.pdf
\bibitem{lamport94}
https://www.mi.fu-berlin.de/inf/groups/ag-tech/intern/19548-V-Model-Checking/Pettersson__Paul.pdf
\bibitem{lamport94}
https://ori-nuxeo.univ-lille1.fr/nuxeo/site/esupversions/9799b42e-643f-4443-b330-5321cc08b9f4
\bibitem{lamport94}
https://www.researchgate.net/publication/221352048_Testing_real-time_systems_using_UPPAAL

\bibitem{lamport94}
https://pdfs.semanticscholar.org/95e4/3f685c92dcdcc735cc6aed28aee4f9a05c40.pdf
\bibitem{lamport94}
https://www.sws.cs.ru.nl/publications/papers/fvaan/DynamicUppaal/FSEN13.pdf
\bibitem{lamport94}
https://backend.orbit.dtu.dk/ws/portalfiles/portal/197983400/main_timetable_mc2019.pdf
\bibitem{lamport94}
https://www.researchgate.net/profile/Stephan_Merz/publication/221654839_Model_Checking_Timed_UML_State_Machines_and_Collaborations/links/0046351a617959cf27000000/Model-Checking-Timed-UML-State-Machines-and-Collaborations.pdf
\bibitem{lamport94}
https://aleksdimovski.github.io/files/kimfest17.pdf
\bibitem{lamport94}
https://www.researchgate.net/publication/4357738_Verification_and_Implementation_of_Dependable_Controllers
\bibitem{lamport94}
http://erasmusmundus.ie/courses/desem/sites/default/files/Modelling%20and%20Transformation%20of%20Non-Functional%20Annotations.pdf
\bibitem{lamport94}
https://inf.mit.bme.hu/sites/default/files/materials/category/kateg%C3%B3ria/oktat%C3%A1s/v%C3%A1laszthat%C3%B3-t%C3%A1rgyak/kritikus-be%C3%A1gyazott-rendszerek/15/05_Formal_modelling_verification.pdf
\bibitem{lamport94}
http://people.cs.aau.dk/~ask/MTV/material/rt-uppaal.pdf
\bibitem{lamport94}
http://erasmusmundus.ie/courses/desem/sites/default/files/Modelling%20and%20Transformation%20of%20Non-Functional%20Annotations.pdf
\bibitem{lamport94}
https://www.sciencedirect.com/science/article/abs/pii/S0166361515300178
\bibitem{lamport94}