%% Saved with string encoding Unicode (UTF-8) 

 


misc{para,
	Author = {{IEEE Referencing}},
	Howpublished = {\url{http://libguides.bhtafe.edu.au/content.php?pid=88814&sid=660920}},
	Keywords = {paraphrasing, plagariasm, citation, quotation},
	Lastchecked = {19/04/2017},
	Title = {{How to Cite\/Quote in Your Assignment}}}

misc{ieee-write,
	Author = {{IEEE Authorship Series}},
	Howpublished = {\url{http://ieeeauthorcenter.ieee.org/wp-content/uploads/How-to-Write-for-Technical-Periodicals-and-Conferences.pdf}},
	Institution = {{IEEE}},
	Keywords = {writing, paragraph, sentences, ethics},
	Lastchecked = {18/04/2017},
	Title = {How to Write for Technical Periodicals \& Conferences}}



@article{schon2017agile,
  title={Agile Requirements Engineering: A systematic literature review},
  author={Sch\"on, Eva-Maria and Thomaschewski, J\"org and Escalona, Maria Jose},
  journal={Computer Standards \& Interfaces},
  volume={49},
  pages={79--91},
  year={2017},
  publisher={Elsevier}
}

@inproceedings{royce1987managing,
  title={Managing the development of large software systems: concepts and techniques},
  author={Royce, Winston W},
  booktitle={Proceedings of the 9th international conference on Software Engineering},
  pages={328--338},
  year=1987,
  organization={IEEE Computer Society Press}
}

@article{leveson1993investigation,
  title={An investigation of the Therac-25 accidents},
  author={Leveson, Nancy G and Turner, Clark S},
  journal={IEEE computer},
  volume={26},
  number={7},
  pages={18--41},
  year={1993}
}
@book{modelchecking,
 author = {Clarke,Jr., Edmund M. and Grumberg, Orna and Peled, Doron A.},
 title = {Model Checking},
 year = {1999},
 isbn = {0-262-03270-8},
 publisher = {MIT Press},
 address = {Cambridge, MA, USA},
}
@inproceedings{nuseibeh2000requirements,
  title={Requirements engineering: a roadmap},
  author={Nuseibeh, Bashar and Easterbrook, Steve},
  booktitle={Proceedings of the Conference on the Future of Software Engineering},
  pages={35--46},
  year={2000},
  organization={ACM}
}



@online{ID,	ALTauthor = {author},	ALTeditor = {editor},	title = {title},	date = {date},	url = {https://ics.sans.org/media/E-ISAC_SANS_Ukraine_DUC_5.pdf},}
@online{ID,	ALTauthor = {author},	ALTeditor = {editor},	title = {title},	date = {date},	url = {https://na.eventscloud.com/file_uploads/aed4bc20e84d2839b83c18bcba7e2876_Owens1.pdf},}
@online{zetter2016GridHack,	ALTauthor = {Kim Zetter},	ALTeditor = {editor},	title = {Inside the Cunning, Unprecedented Hack of Ukraine's Power Grid},	date = {date},	url = {https://www.wired.com/2016/03/inside-cunning-unprecedented-hack-ukraines-power-grid/},}
@online{ID,	ALTauthor = {author},	ALTeditor = {editor},	title = {title},	date = {date},	url = {http://web.mit.edu/smadnick/www/wp/2016-22.pdf},}
@online{ID,	ALTauthor = {author},	ALTeditor = {editor},	title = {title},	date = {date},	url = {https://en.wikipedia.org/wiki/December_2015_Ukraine_power_grid_cyberattack},}
@online{ID,	ALTauthor = {author},	ALTeditor = {editor},	title = {title},	date = {date},	url = {https://www.wired.com/story/russian-hackers-attack-ukraine/},}
@online{ID,	ALTauthor = {author},	ALTeditor = {editor},	title = {title},	date = {date},	url = {https://www.linkedin.com/notifications/},}
@online{ID,	ALTauthor = {author},	ALTeditor = {editor},	title = {title},	date = {date},	url = {https://www.boozallen.com/content/dam/boozallen/documents/2016/09/ukraine-report-when-the-lights-went-out.pdf},}
@online{ID,	ALTauthor = {author},	ALTeditor = {editor},	title = {title},	date = {date},	url = {https://www.reuters.com/article/us-ukraine-cybersecurity-sandworm-idUSKBN0UM00N20160108},}
@online{ID,	ALTauthor = {author},	ALTeditor = {editor},	title = {title},	date = {date},	url = {https://www.wired.com/2016/01/everything-we-know-about-ukraines-power-plant-hack/},}
@online{ID,	ALTauthor = {author},	ALTeditor = {editor},	title = {title},	date = {date},	url = {https://www.fireeye.com/blog/threat-research/2016/01/ukraine-and-sandworm-team.html},}
@online{ID,	ALTauthor = {author},	ALTeditor = {editor},	title = {title},	date = {date},	url = {https://www.us-cert.gov/ics/alerts/IR-ALERT-H-16-056-01},}
@online{ID,	ALTauthor = {author},	ALTeditor = {editor},	title = {title},	date = {date},	url = {https://www.sans.org/blog/confirmation-of-a-coordinated-attack-on-the-ukrainian-power-grid/},}
@online{ID,	ALTauthor = {author},	ALTeditor = {editor},	title = {title},	date = {date},	url = {https://www.reuters.com/article/us-ukraine-cybersecurity-sandworm/u-s-firm-blames-russian-sandworm-hackers-for-ukraine-outage-idUSKBN0UM00N20160108},}
@online{ID,	ALTauthor = {author},	ALTeditor = {editor},	title = {title},	date = {date},	url = {https://www.reuters.com/article/us-ukraine-crisis-cyber-idUSKBN15U2CN},}
@online{ID,	ALTauthor = {author},	ALTeditor = {editor},	title = {title},	date = {date},	url = {https://www.wired.com/2014/10/russian-sandworm-hack-isight/},}
@online{ID,	ALTauthor = {author},	ALTeditor = {editor},	title = {title},	date = {date},	url = {https://blog.trendmicro.com/trendlabs-security-intelligence/sandworm-to-blacken-the-scada-connection/},}
@online{ID,	ALTauthor = {author},	ALTeditor = {editor},	title = {title},	date = {date},	url = {https://blog.trendmicro.com/trendlabs-security-intelligence/killdisk-and-blackenergy-are-not-just-energy-sector-threats/},}
@online{ID,	ALTauthor = {author},	ALTeditor = {editor},	title = {title},	date = {date},	url = {https://www.nerc.com/pa/CI/ESISAC/Documents/E-ISAC_SANS_Ukraine_DUC_18Mar2016.pdf},}
@online{ID,	ALTauthor = {author},	ALTeditor = {editor},	title = {title},	date = {date},	url = {https://www.politico.eu/article/ukraine-cyber-war-frontline-russia-malware-attacks/},}
@online{ID,	ALTauthor = {author},	ALTeditor = {editor},	title = {title},	date = {date},	url = {https://theconversation.com/cyberattack-on-ukraine-grid-heres-how-it-worked-and-perhaps-why-it-was-done-52802},}
@online{ID,	ALTauthor = {author},	ALTeditor = {editor},	title = {title},	date = {date},	url = {https://www.ifri.org/sites/default/files/atoms/files/desarnaud_cyber_attacks_energy_infrastructures_2017_2.pdf},}
@online{ID,	ALTauthor = {author},	ALTeditor = {editor},	title = {title},	date = {date},	url = {https://ec.europa.eu/energy/sites/ener/files/evaluation_of_risks_of_cyber-incidents_and_on_costs_of_preventing_cyber-incidents_in_the_energy_sector.pdf},}
@online{ID,	ALTauthor = {author},	ALTeditor = {editor},	title = {title},	date = {date},	url = {https://ec.europa.eu/energy/sites/ener/files/evaluation_of_risks_of_cyber-incidents_and_on_costs_of_preventing_cyber-incidents_in_the_energy_sector.pdf},}
@online{ID,	ALTauthor = {author},	ALTeditor = {editor},	title = {title},	date = {date},	url = {https://www.wired.com/2016/03/inside-cunning-unprecedented-hack-ukraines-power-grid/},}
@online{ID,	ALTauthor = {author},	ALTeditor = {editor},	title = {title},	date = {date},	url = {https://www.osti.gov/servlets/purl/1505628},}
@online{ID,	ALTauthor = {author},	ALTeditor = {editor},	title = {title},	date = {date},	url = {https://jsis.washington.edu/news/cyberattack-critical-infrastructure-russia-ukrainian-power-grid-attacks/IEC_60870-5},}
@online{ID,	ALTauthor = {author},	ALTeditor = {editor},	title = {title},	date = {date},	url = {http://citeseerx.ist.psu.edu/viewdoc/download;jsessionid=0513EED48102FDAD1BD940260EF12B11?doi=10.1.1.548.7490&amp;rep=rep1&amp;type=pdf},}
@online{ID,	ALTauthor = {author},	ALTeditor = {editor},	title = {title},	date = {date},	url = {https://scialert.net/fulltext/?doi=tasr.2014.396.405},}
@online{ID,	ALTauthor = {author},	ALTeditor = {editor},	title = {title},	date = {date},	url = {https://www.researchgate.net/publication/333671061_Attacking_IEC-60870-5-104_SCADA_Systems},}
@online{ID,	ALTauthor = {author},	ALTeditor = {editor},	title = {title},	date = {date},	url = {http://www.salvage-project.com/uploads/4/9/5/5/49558369/art3_-_salvage_2015_-_cyber_security_in_communication_of_scada_systems_using_iec_61850.pdf},}
@online{ID,	ALTauthor = {author},	ALTeditor = {editor},	title = {title},	date = {date},	url = {https://eg.uc.pt/bitstream/10316/35720/1/Security%20Probes%20for%20Industrial%20Control%20Networks.pdf},}
@online{ID,	ALTauthor = {author},	ALTeditor = {editor},	title = {title},	date = {date},	url = {https://owlcyberdefense.com/products/data-diode-products/software-modules/iec-104/},}
@online{ID,	ALTauthor = {author},	ALTeditor = {editor},	title = {title},	date = {date},	url = {https://ris.utwente.nl/ws/files/6028066/3-s2_0-B9780128015957000227.pdf},}
@online{ID,	ALTauthor = {author},	ALTeditor = {editor},	title = {title},	date = {date},	url = {https://waterfall-security.com/static/Waterfall-for-IEC-60870-5-104_FINAL.pdf},}
@online{ID,	ALTauthor = {author},	ALTeditor = {editor},	title = {title},	date = {date},	url = {http://www.scada.sl/2013/11/last-week-four-guys-of-scada.html},}
@online{ID,	ALTauthor = {author},	ALTeditor = {editor},	title = {title},	date = {date},	url = {https://repositorio-aberto.up.pt/bitstream/10216/119066/2/315683.pdf},}
@online{ID,	ALTauthor = {author},	ALTeditor = {editor},	title = {title},	date = {date},	url = {https://www.diva-portal.org/smash/get/diva2:1046339/FULLTEXT01.pdf},}
@online{ID,	ALTauthor = {author},	ALTeditor = {editor},	title = {title},	date = {date},	url = {https://www.semanticscholar.org/paper/Cybersecurity-analysis-of-a-SCADA-system-under-and-Rocha/dfa7c12551ebe7b24da8d806e87e946051a57cb9},}
@online{ID,	ALTauthor = {author},	ALTeditor = {editor},	title = {title},	date = {date},	url = {https://control.com/forums/threads/comparison-between-iec60870-5-103-and-modbus-rtu.20317/},}
@online{ID,	ALTauthor = {author},	ALTeditor = {editor},	title = {title},	date = {date},	url = {https://www.blackhat.com/docs/us-17/wednesday/us-17-Staggs-Adventures-In-Attacking-Wind-Farm-Control-Networks.pdf},}
@online{ID,	ALTauthor = {author},	ALTeditor = {editor},	title = {title},	date = {date},	url = {https://www.securonix.com/web/wp-content/uploads/2019/08/RSAC_2019_Scada_Attack_Detection_101.pdf},}
@online{ID,	ALTauthor = {author},	ALTeditor = {editor},	title = {title},	date = {date},	url = {https://dreamlab.net/en/blog/post/fuzzing-ics-protocols/},}
@online{ID,	ALTauthor = {author},	ALTeditor = {editor},	title = {title},	date = {date},	url = {https://library.e.abb.com/public/f74f9c8be95f4cd09b0b1fbbde699108/4CAE000416_RTU_Secure%20communications_web.pdf},}
@online{ID,	ALTauthor = {author},	ALTeditor = {editor},	title = {title},	date = {date},	url = {https://www.slideshare.net/qqlan/scada-zn},}
@online{ID,	ALTauthor = {author},	ALTeditor = {editor},	title = {title},	date = {date},	url = {https://virsec.com/virsec-hack-analysis-deep-dive-into-industroyer-aka-crash-override/},}
@online{ID,	ALTauthor = {author},	ALTeditor = {editor},	title = {title},	date = {date},	url = {https://tutcris.tut.fi/portal/files/16294332/jafary_1534.pdf},}
@online{ID,	ALTauthor = {author},	ALTeditor = {editor},	title = {title},	date = {date},	url = {http://www.connectivity4ir.co.uk/article/175490/IEC-62351--Secure-communication-in-the-energy-industry.aspx},}
@online{ID,	ALTauthor = {author},	ALTeditor = {editor},	title = {title},	date = {date},	url = {https://www.win.tue.nl/~setalle/2017_fauri_encryption.pdf},}
@online{ID,	ALTauthor = {author},	ALTeditor = {editor},	title = {title},	date = {date},	url = {https://assets.barracuda.com/assets/docs/dms/Barracuda_CloudGen_Firewall_SB_Security_for_ICS_and_OT.pdf},}
@online{ID,	ALTauthor = {author},	ALTeditor = {editor},	title = {title},	date = {date},	url = {https://www.checkpoint.com/products/industrial-control-systems-appliances/},}
@online{ID,	ALTauthor = {author},	ALTeditor = {editor},	title = {title},	date = {date},	url = {https://www.dragos.com/wp-content/uploads/CRASHOVERRIDE.pdf},}
@online{ID,	ALTauthor = {author},	ALTeditor = {editor},	title = {title},	date = {date},	url = {https://dl.acm.org/doi/fullHtml/10.1145/3381038},}
@online{ID,	ALTauthor = {author},	ALTeditor = {editor},	title = {title},	date = {date},	url = {https://arxiv.org/pdf/2001.02925.pdf},}
@online{ID,	ALTauthor = {author},	ALTeditor = {editor},	title = {title},	date = {date},	url = {http://blog.nettedautomation.com/2017/},}
@online{ID,	ALTauthor = {author},	ALTeditor = {editor},	title = {title},	date = {date},	url = {https://www.dragos.com/wp-content/uploads/CrashOverride-01.pdf},}
@online{ID,	ALTauthor = {author},	ALTeditor = {editor},	title = {title},	date = {date},	url = {https://www.welivesecurity.com/wp-content/uploads/2017/06/Win32_Industroyer.pdf},}
@online{ID,	ALTauthor = {author},	ALTeditor = {editor},	title = {title},	date = {date},	url = {https://ec.europa.eu/energy/sites/ener/files/evaluation_of_risks_of_cyber-incidents_and_on_costs_of_preventing_cyber-incidents_in_the_energy_sector.pdf},}
@online{ID,	ALTauthor = {author},	ALTeditor = {editor},	title = {title},	date = {date},	url = {https://www.cybersecurityintelligence.com/blog/attack-on-ukraines-power-grid-targeted-transmission-stations-4530.html},}
@online{ID,	ALTauthor = {author},	ALTeditor = {editor},	title = {title},	date = {date},	url = {https://www.recordedfuture.com/crashoverride-malware-overview/},}
@online{ID,	ALTauthor = {author},	ALTeditor = {editor},	title = {title},	date = {date},	url = {https://www.us-cert.gov/ncas/alerts/TA17-163A},}
@online{ID,	ALTauthor = {author},	ALTeditor = {editor},	title = {title},	date = {date},	url = {https://www.darkreading.com/threat-intelligence/first-malware-designed-solely-for-electric-grids-caused-2016-ukraine-outage/d/d-id/1329114},}
@online{ID,	ALTauthor = {author},	ALTeditor = {editor},	title = {title},	date = {date},	url = {https://arstechnica.com/information-technology/2017/06/crash-override-malware-may-sabotage-electric-grids-but-its-no-stuxnet/},}
@online{ID,	ALTauthor = {author},	ALTeditor = {editor},	title = {title},	date = {date},	url = {https://www.accenture.com/_acnmedia/pdf-69/accenture-managing-malware-crash-override.pdf},}
@online{ID,	ALTauthor = {author},	ALTeditor = {editor},	title = {title},	date = {date},	url = {https://www.nixu.com/fi/node/53},}
@online{ID,	ALTauthor = {author},	ALTeditor = {editor},	title = {title},	date = {date},	url = {https://www.vice.com/en_us/article/zmeyg8/ukraine-power-grid-malware-crashoverride-industroyer},}
@online{ID,	ALTauthor = {author},	ALTeditor = {editor},	title = {title},	date = {date},	url = {https://ics.sans.org/media/E-ISAC_SANS_Ukraine_DUC_6.pdf},}
@online{ID,	ALTauthor = {author},	ALTeditor = {editor},	title = {title},	date = {date},	url = {http://blog.wallix.com/ics-security-russian-hacking},}
@online{ID,	ALTauthor = {author},	ALTeditor = {editor},	title = {title},	date = {date},	url = {http://web.mit.edu/smadnick/www/wp/2016-22.pdf},}
@online{ID,	ALTauthor = {author},	ALTeditor = {editor},	title = {title},	date = {date},	url = {https://www.boozallen.com/content/dam/boozallen/documents/2016/09/ukraine-report-when-the-lights-went-out.pdf},}
@online{ID,	ALTauthor = {author},	ALTeditor = {editor},	title = {title},	date = {date},	url = {https://www.reuters.com/article/us-ukraine-cybersecurity-sandworm-idUSKBN0UM00N20160108},}
@online{ID,	ALTauthor = {author},	ALTeditor = {editor},	title = {title},	date = {date},	url = {https://www.nerc.com/pa/CI/ESISAC/Documents/E-ISAC_SANS_Ukraine_DUC_18Mar2016.pdf},}
@online{ID,	ALTauthor = {author},	ALTeditor = {editor},	title = {title},	date = {date},	url = {https://jsis.washington.edu/news/cyberattack-critical-infrastructure-russia-ukrainian-power-grid-attacks/},}
@online{ID,	ALTauthor = {author},	ALTeditor = {editor},	title = {title},	date = {date},	url = {https://www.ifri.org/sites/default/files/atoms/files/desarnaud_cyber_attacks_energy_infrastructures_2017_2.pdf},}
@online{ID,	ALTauthor = {author},	ALTeditor = {editor},	title = {title},	date = {date},	url = {https://blog.trendmicro.com/trendlabs-security-intelligence/sandworm-to-blacken-the-scada-connection/},}
@online{ID,	ALTauthor = {author},	ALTeditor = {editor},	title = {title},	date = {date},	url = {https://ec.europa.eu/energy/sites/ener/files/evaluation_of_risks_of_cyber-incidents_and_on_costs_of_preventing_cyber-incidents_in_the_energy_sector.pdf},}
@online{ID,	ALTauthor = {author},	ALTeditor = {editor},	title = {title},	date = {date},	url = {https://www.wired.com/2016/03/inside-cunning-unprecedented-hack-ukraines-power-grid/},}
@online{ID,	ALTauthor = {author},	ALTeditor = {editor},	title = {title},	date = {date},	url = {https://ics.sans.org/media/E-ISAC_SANS_Ukraine_DUC_5.pdf},}
@online{ID,	ALTauthor = {author},	ALTeditor = {editor},	title = {title},	date = {date},	url = {https://ics.sans.org/media/E-ISAC_SANS_Ukraine_DUC_5.pdf},}
@online{ID,	ALTauthor = {author},	ALTeditor = {editor},	title = {title},	date = {date},	url = {https://digitalsupport.ge.com/servlet/fileField?retURL=%2Fapex%2FKnowledgeDetail%3Fid%3DkA21A000000HShPSAW%26lang%3Den_US%26Type%3DArticle__kav&amp;entityId=ka21A000000HccQQAS&amp;field=File_1__Body__s},}
@online{ID,	ALTauthor = {author},	ALTeditor = {editor},	title = {title},	date = {date},	url = {https://www.dragos.com/wp-content/uploads/CrashOverride-01.pdf},}
@online{ID,	ALTauthor = {author},	ALTeditor = {editor},	title = {title},	date = {date},	url = {https://www.dragos.com/resource/crashoverride-analyzing-the-malware-that-attacks-power-grids/},}
@online{ID,	ALTauthor = {author},	ALTeditor = {editor},	title = {title},	date = {date},	url = {https://www.recordedfuture.com/crashoverride-malware-overview/},}
@online{ID,	ALTauthor = {author},	ALTeditor = {editor},	title = {title},	date = {date},	url = {https://www.us-cert.gov/ncas/alerts/TA17-163A},}
@online{ID,	ALTauthor = {author},	ALTeditor = {editor},	title = {title},	date = {date},	url = {https://en.wikipedia.org/wiki/Industroyer},}
@online{ID,	ALTauthor = {author},	ALTeditor = {editor},	title = {title},	date = {date},	url = {https://en.wikipedia.org/wiki/Crash_Override_Network},}
@online{ID,	ALTauthor = {author},	ALTeditor = {editor},	title = {title},	date = {date},	url = {https://www.virusbulletin.com/virusbulletin/2019/03/vb2018-paper-anatomy-attack-detecting-and-defeating-crashoverride/},}
@online{ID,	ALTauthor = {author},	ALTeditor = {editor},	title = {title},	date = {date},	url = {https://www.nixu.com/blog/crashoverride-threat-electricity-networks},}
@online{ID,	ALTauthor = {author},	ALTeditor = {editor},	title = {title},	date = {date},	url = {https://www.youtube.com/watch?v=TH17hSH1PGQ},}
@online{ID,	ALTauthor = {author},	ALTeditor = {editor},	title = {title},	date = {date},	url = {https://www.cyber.nj.gov/threat-center/threat-profiles/ics-malware-variants/crashoverride},}
@online{ID,	ALTauthor = {author},	ALTeditor = {editor},	title = {title},	date = {date},	url = {https://thecyberwire.com/stories/f0c289436fff6d87ec93227b77dd3d88/crashoverride-its-aftermath-and-its-implications},}
@online{ID,	ALTauthor = {author},	ALTeditor = {editor},	title = {title},	date = {date},	url = {https://www.webopedia.com/TERM/C/crashoverride-industroyer-malware.html},}
@online{ID,	ALTauthor = {author},	ALTeditor = {editor},	title = {title},	date = {date},	url = {https://collaborate.mitre.org/attackics/index.php/Software/S0001},}
@online{ID,	ALTauthor = {author},	ALTeditor = {editor},	title = {title},	date = {date},	url = {https://www.accenture.com/us-en/blogs/blogs-crashoverride-malware-alert},}
@online{ID,	ALTauthor = {author},	ALTeditor = {editor},	title = {title},	date = {date},	url = {https://www.incibe-cert.es/en/blog/crashoverride-malware-ics-back-again},}
@online{ID,	ALTauthor = {author},	ALTeditor = {editor},	title = {title},	date = {date},	url = {https://rhebo.com/en/service/glossar/industroyer-25114/},}
@online{ID,	ALTauthor = {author},	ALTeditor = {editor},	title = {title},	date = {date},	url = {https://www.csoonline.com/article/3200828/crash-override-malware-that-took-down-a-power-grid-may-have-been-a-test-run.html},}
@online{ID,	ALTauthor = {author},	ALTeditor = {editor},	title = {title},	date = {date},	url = {https://www.darkreading.com/threat-intelligence/first-malware-designed-solely-for-electric-grids-caused-2016-ukraine-outage/d/d-id/1329114},}
@online{ID,	ALTauthor = {author},	ALTeditor = {editor},	title = {title},	date = {date},	url = {https://www.belden.com/blog/industrial-security/crashoverride-first-malware-platform-designed-to-take-down-electric-grids},}
@online{ID,	ALTauthor = {author},	ALTeditor = {editor},	title = {title},	date = {date},	url = {https://www.cyberbit.com/blog/ot-security/industroyer-crashoverride-ot-malware/},}
@online{ID,	ALTauthor = {author},	ALTeditor = {editor},	title = {title},	date = {date},	url = {https://arstechnica.com/information-technology/2017/06/crash-override-malware-may-sabotage-electric-grids-but-its-no-stuxnet/},}
@online{ID,	ALTauthor = {author},	ALTeditor = {editor},	title = {title},	date = {date},	url = {https://blog.claroty.com/crashoverride-a.ka.industroyer-detection-and-alerting-in-claroty-platform},}
@online{ID,	ALTauthor = {author},	ALTeditor = {editor},	title = {title},	date = {date},	url = {https://www.tenable.com/in-the-news/crashoverride-ics-attack-targets-vulnerable-electrical-grid},}
@online{ID,	ALTauthor = {author},	ALTeditor = {editor},	title = {title},	date = {date},	url = {https://www.powermag.com/why-crashoverride-is-a-red-flag-for-u-s-power-companies/},}
@online{ID,	ALTauthor = {author},	ALTeditor = {editor},	title = {title},	date = {date},	url = {https://searchsecurity.techtarget.com/news/450420683/CrashOverride-ICS-attack-targets-vulnerable-electrical-grid},}
@online{ID,	ALTauthor = {author},	ALTeditor = {editor},	title = {title},	date = {date},	url = {https://www.fda.gov/media/123073/download},}
@online{ID,	ALTauthor = {author},	ALTeditor = {editor},	title = {title},	date = {date},	url = {https://cyberx-labs.com/glossary/industroyer-crashoverride-crash-override/},}
@online{ID,	ALTauthor = {author},	ALTeditor = {editor},	title = {title},	date = {date},	url = {https://tehtris.com/en/egambit-endpoint-security-versus-crashoverride/},}
@online{ID,	ALTauthor = {author},	ALTeditor = {editor},	title = {title},	date = {date},	url = {https://blog.paloaltonetworks.com/2017/06/crashoverrideindustroyer-protections-palo-alto-networks-customers/},}
@online{ID,	ALTauthor = {author},	ALTeditor = {editor},	title = {title},	date = {date},	url = {https://www.waterisac.org/portal/new-vulnerability-discovery-reportedly-abuses-same-protocol-used-industroyercrashoverride},}
@online{ID,	ALTauthor = {author},	ALTeditor = {editor},	title = {title},	date = {date},	url = {https://www.msspalert.com/cybersecurity-breaches-and-attacks/u-s-dept-of-homeland-securitys-crashoverride-malware-warning-to-utilities/},}
@online{ID,	ALTauthor = {author},	ALTeditor = {editor},	title = {title},	date = {date},	url = {https://iiot-world.com/ics-security/cybersecurity/five-cybersecurity-experts-about-crashoverride-malware-main-dangers-and-lessons-for-iiot/},}
@online{ID,	ALTauthor = {author},	ALTeditor = {editor},	title = {title},	date = {date},	url = {https://www.forescout.com/company/blog/crashoverride-protect-your-ics-network-against-the-newest-malware/},}
@online{ID,	ALTauthor = {author},	ALTeditor = {editor},	title = {title},	date = {date},	url = {https://search.abb.com/library/Download.aspx?DocumentID=9AKK107045A1003&amp;LanguageCode=en&amp;DocumentPartId=&amp;Action=Launch},}
@online{ID,	ALTauthor = {author},	ALTeditor = {editor},	title = {title},	date = {date},	url = {https://blog.checkpoint.com/2017/06/21/crashoverride/},}
@online{ID,	ALTauthor = {author},	ALTeditor = {editor},	title = {title},	date = {date},	url = {https://www.blackhat.com/us-17/briefings/schedule/#industroyercrashoverride-zero-things-cool-about-a-threat-group-targeting-the-power-grid-6159},}
@online{ID,	ALTauthor = {author},	ALTeditor = {editor},	title = {title},	date = {date},	url = {https://www.sans.org/webcasts/notpetya-dragonfly-20-crashoverride-time-active-cyber-defense-ics-scada-networks-105955},}
@online{ID,	ALTauthor = {author},	ALTeditor = {editor},	title = {title},	date = {date},	url = {https://humanit.asia/ta17-163a/},}
@online{ID,	ALTauthor = {author},	ALTeditor = {editor},	title = {title},	date = {date},	url = {https://www.vice.com/en_us/article/zmeyg8/ukraine-power-grid-malware-crashoverride-industroyer},}
@online{ID,	ALTauthor = {author},	ALTeditor = {editor},	title = {title},	date = {date},	url = {https://keybase.io/crashoverride},}
@online{ID,	ALTauthor = {author},	ALTeditor = {editor},	title = {title},	date = {date},	url = {https://medium.com/@sroberts/the-crash-override-chronicles-overall-8389ef178fdf},}
@online{ID,	ALTauthor = {author},	ALTeditor = {editor},	title = {title},	date = {date},	url = {https://www.oilandgaseng.com/articles/the-most-infamous-cyber-attacks-on-industrial-systems/},}
@online{ID,	ALTauthor = {author},	ALTeditor = {editor},	title = {title},	date = {date},	url = {https://www.bankinfosecurity.com/power-grid-malware-platform-threatens-industrial-controls-a-9987},}
@online{ID,	ALTauthor = {author},	ALTeditor = {editor},	title = {title},	date = {date},	url = {https://www.microsoft.com/en-us/wdsi/threats/malware-encyclopedia-description?Name=Trojan:Win32/CrashOverride.C!dha&amp;ThreatID=2147726161},}
@online{ID,	ALTauthor = {author},	ALTeditor = {editor},	title = {title},	date = {date},	url = {https://www.cybersecurityintelligence.com/blog/attack-on-ukraines-power-grid-targeted-transmission-stations-4530.html},}
@online{ID,	ALTauthor = {author},	ALTeditor = {editor},	title = {title},	date = {date},	url = {https://thehill.com/policy/cybersecurity/337877-crash-override-malware-heightens-fears-for-us-electric-grid},}
@online{ID,	ALTauthor = {author},	ALTeditor = {editor},	title = {title},	date = {date},	url = {https://choice.npr.org/index.html?origin=https://www.npr.org/2017/09/08/548661962/in-crash-override-zoe-quinn-shares-her-boss-battle-against-online-harassment},}
@online{ID,	ALTauthor = {author},	ALTeditor = {editor},	title = {title},	date = {date},	url = {https://pylos.co/2018/11/03/crashoverride-when-advanced-actors-look-like-amateurs/},}
@online{ID,	ALTauthor = {author},	ALTeditor = {editor},	title = {title},	date = {date},	url = {https://www.inguardians.com/dhs-fbi-warn-of-attacks-against-us-energy-manufacturing-companies-and-employees/},}
@online{ID,	ALTauthor = {author},	ALTeditor = {editor},	title = {title},	date = {date},	url = {https://blog.emergeits.com/alert-homeland-security-finds-u-s-power-grid-vulnerable-to-crashoverride-malware-3},}
@online{ID,	ALTauthor = {author},	ALTeditor = {editor},	title = {title},	date = {date},	url = {https://www.cyberthreatalliance.org/member-share/stuxnet-to-crashoverride-to-trisis-evaluating-the-history-and-future-of-integrity-based-attacks-on-industrial-environments/},}
@online{ID,	ALTauthor = {author},	ALTeditor = {editor},	title = {title},	date = {date},	url = {https://rethinkresearch.biz/articles/industroyer-crashoverride-malware-behind-ukraine-utility-attack/},}
@online{ID,	ALTauthor = {author},	ALTeditor = {editor},	title = {title},	date = {date},	url = {https://electricenergyonline.com/energy/magazine/1104/article/Security-Sessions-Combating-ICS-Threats.htm},}
@online{ID,	ALTauthor = {author},	ALTeditor = {editor},	title = {title},	date = {date},	url = {https://www.smart-energy.com/regional-news/europe-uk/encs-crash-override-virus/},}
@online{ID,	ALTauthor = {author},	ALTeditor = {editor},	title = {title},	date = {date},	url = {https://securityaffairs.co/wordpress/59989/malware/industroyer-malware.html},}
@online{ID,	ALTauthor = {author},	ALTeditor = {editor},	title = {title},	date = {date},	url = {https://isssource.com/crashoverride-designed-for-grid-takedown/},}
@online{ID,	ALTauthor = {author},	ALTeditor = {editor},	title = {title},	date = {date},	url = {https://gigazine.net/gsc_news/en/20170613-crashoverride/},}
@online{ID,	ALTauthor = {author},	ALTeditor = {editor},	title = {title},	date = {date},	url = {https://www.ethicalhacker.net/members/crashoverride/},}
@online{ID,	ALTauthor = {author},	ALTeditor = {editor},	title = {title},	date = {date},	url = {https://www.theglobeandmail.com/arts/books-and-media/book-reviews/review-zoe-quinns-crash-override-and-ellen-paos-reset-explore-the-sexism-of-tech-culture/article36431282/},}
@online{ID,	ALTauthor = {author},	ALTeditor = {editor},	title = {title},	date = {date},	url = {https://www.forbes.com/sites/kalevleetaru/2017/06/24/crash-override-and-how-cyberwarfare-is-bringing-conflict-to-the-homefront/#42eb8984277c},}
@online{ID,	ALTauthor = {author},	ALTeditor = {editor},	title = {title},	date = {date},	url = {https://www.computerworld.com/article/2883732/crash-override-network-combats-online-harassment.html},}
@online{ID,	ALTauthor = {author},	ALTeditor = {editor},	title = {title},	date = {date},	url = {https://fticybersecurity.com/2017-11/crashoverride-red-flag-u-s-power-companies/},}
@online{ID,	ALTauthor = {author},	ALTeditor = {editor},	title = {title},	date = {date},	url = {https://www.publicpower.org/periodical/article/e-isac-offers-special-webinar-june-16-crashoverride-malware},}
@online{ID,	ALTauthor = {author},	ALTeditor = {editor},	title = {title},	date = {date},	url = {https://blogs.dnvgl.com/energy/industroyer-and-industrial-control-systems},}
@online{ID,	ALTauthor = {author},	ALTeditor = {editor},	title = {title},	date = {date},	url = {https://www.theverge.com/2015/1/17/7628567/crash-override},}
@online{ID,	ALTauthor = {author},	ALTeditor = {editor},	title = {title},	date = {date},	url = {http://digitaleragroup.com/blog/industry-reactions-to-crashoverride-malware-feedback-friday/?style=turquoise},}
@online{ID,	ALTauthor = {author},	ALTeditor = {editor},	title = {title},	date = {date},	url = {https://www.us-cert.gov/ics/Recommended-Practices},}
@online{ID,	ALTauthor = {author},	ALTeditor = {editor},	title = {title},	date = {date},	url = {https://www.informatiebeveiligingsdienst.nl/wp-content/uploads/2019/04/201902-Handreiking-Information-Security-Management-System-ISMS-v2.0.pdf},}
@online{ID,	ALTauthor = {author},	ALTeditor = {editor},	title = {title},	date = {date},	url = {https://info.advisera.com/hubfs/27001Academy/27001Academy_FreeDownloads/NL/Checklist_of_ISO_27001_Mandatory_Documentation_NL.pdf},}
@online{ID,	ALTauthor = {author},	ALTeditor = {editor},	title = {title},	date = {date},	url = {https://info.advisera.com/hubfs/27001Academy/27001Academy_FreeDownloads/NL/Checklist_of_ISO_27001_Mandatory_Documentation_NL.pdf},}
@online{ID,	ALTauthor = {author},	ALTeditor = {editor},	title = {title},	date = {date},	url = {https://www.iso.org/isoiec-27001-information-security.html},}
@online{ID,	ALTauthor = {author},	ALTeditor = {editor},	title = {title},	date = {date},	url = {https://www.iso27001security.com/html/faq.html},}
@online{ID,	ALTauthor = {author},	ALTeditor = {editor},	title = {title},	date = {date},	url = {https://www.iso27001security.com/ISO27k_FAQ.pdf},}
@online{ID,	ALTauthor = {author},	ALTeditor = {editor},	title = {title},	date = {date},	url = {https://www.iso27001security.com/ISO27k_GDPR_mapping_release_1.pdf},}
@online{ID,	ALTauthor = {author},	ALTeditor = {editor},	title = {title},	date = {date},	url = {https://webstore.iec.ch/preview/info_isoiec27019%7Bed1.0%7Den.pdf},}
@online{ID,	ALTauthor = {author},	ALTeditor = {editor},	title = {title},	date = {date},	url = {https://web.archive.org/web/20150924001524/http://www.epri.com/abstracts/Pages/ProductAbstract.aspx?ProductId=000000003002003738},}
@online{ID,	ALTauthor = {author},	ALTeditor = {editor},	title = {title},	date = {date},	url = {https://webstore.iec.ch/publication/25948},}
@online{ID,	ALTauthor = {author},	ALTeditor = {editor},	title = {title},	date = {date},	url = {https://webstore.iec.ch/publication/6912},}
@online{ID,	ALTauthor = {author},	ALTeditor = {editor},	title = {title},	date = {date},	url = {https://webstore.iec.ch/publication/6911},}
@online{ID,	ALTauthor = {author},	ALTeditor = {editor},	title = {title},	date = {date},	url = {https://www.ipcomm.de/protocol/IEC62351/en/sheet.html},}
@online{ID,	ALTauthor = {author},	ALTeditor = {editor},	title = {title},	date = {date},	url = {https://www.energy.gov/ceser/activities/cybersecurity-critical-energy-infrastructure/energy-sector-cybersecurity-0},}
@online{ID,	ALTauthor = {author},	ALTeditor = {editor},	title = {title},	date = {date},	url = {https://www.energy.gov/ceser/activities/cybersecurity-critical-energy-infrastructure/energy-sector-cybersecurity-0-1},}
@online{ID,	ALTauthor = {author},	ALTeditor = {editor},	title = {title},	date = {date},	url = {https://nvlpubs.nist.gov/nistpubs/ir/2010/NIST.IR.7628.pdf},}
@online{ID,	ALTauthor = {author},	ALTeditor = {editor},	title = {title},	date = {date},	url = {https://nvlpubs.nist.gov/nistpubs/CSWP/NIST.CSWP.04162018.pdf},}
@online{ID,	ALTauthor = {author},	ALTeditor = {editor},	title = {title},	date = {date},	url = {https://nvlpubs.nist.gov/nistpubs/SpecialPublications/NIST.SP.800-53r4.pdf},}
@online{ID,	ALTauthor = {author},	ALTeditor = {editor},	title = {title},	date = {date},	url = {https://nvlpubs.nist.gov/nistpubs/ir/2014/NIST.IR.7628r1.pdf},}
@online{ID,	ALTauthor = {author},	ALTeditor = {editor},	title = {title},	date = {date},	url = {https://www.rand.org/pubs/research_reports/RR2081.html},}
@online{ID,	ALTauthor = {author},	ALTeditor = {editor},	title = {title},	date = {date},	url = {https://dpstele.com/blog%20major%20scada%20hacks/checklist/network-security-audit-checklist/#related-checklists.},}
@online{ID,	ALTauthor = {author},	ALTeditor = {editor},	title = {title},	date = {date},	url = {https://www.process.st/checklist/network-security-audit-checklist/#related-checklists},}
@online{ID,	ALTauthor = {author},	ALTeditor = {editor},	title = {title},	date = {date},	url = {https://www.fireeye.com/blog/threat-research/2016/01/ukraine-and-sandworm-team.html/cybersecurity-audit-checklist. },}
@online{ID,	ALTauthor = {author},	ALTeditor = {editor},	title = {title},	date = {date},	url = {https://reciprocitylabs.com/cybersecurity-audit-checklist/ukraine-power-grid-attack-russia-us.},}
@online{ID,	ALTauthor = {author},	ALTeditor = {editor},	title = {title},	date = {date},	url = {https://edition.cnn.com/2016/02/11/politics/ukraine-power-grid-attack-russia-us/index.html/ukraine-sees-russian-hand-in-cyber-attacks-on-power-grid-idUSKCN0VL18E. },}
@online{ID,	ALTauthor = {author},	ALTeditor = {editor},	title = {title},	date = {date},	url = {https://www.reuters.com/article/us-ukraine-cybersecurity/ukraine-sees-russian-hand-in-cyber-attacks-on-power-grid-idUSKCN0VL18E},}
@online{Whitehead2017ukrainepoweroutage,	ALTauthor = {David E. Whitehead, Kevin Owens, Dennis Gammel, and Jess Smith},	ALTeditor = {editor},	title = {title},	date = {March 21–23, 2017},	url = {https://na.eventscloud.com/file_uploads/aed4bc20e84d2839b83c18bcba7e2876_Owens1.pdf},}
@online{ID,	ALTauthor = {author},	ALTeditor = {editor},	title = {title},	date = {date},	url = {https://www.wired.com/2016/03/inside-cunning-unprecedented-hack-ukraines-power-grid/},}
@online{ID,	ALTauthor = {author},	ALTeditor = {editor},	title = {title},	date = {date},	url = {http://web.mit.edu/smadnick/www/wp/2016-22.pdf},}
@online{ID,	ALTauthor = {author},	ALTeditor = {editor},	title = {title},	date = {date},	url = {https://en.wikipedia.org/wiki/December_2015_Ukraine_power_grid_cyberattack},}
@online{ID,	ALTauthor = {author},	ALTeditor = {editor},	title = {title},	date = {date},	url = {https://www.wired.com/story/russian-hackers-attack-ukraine/},}
@online{ID,	ALTauthor = {author},	ALTeditor = {editor},	title = {title},	date = {date},	url = {https://www.linkedin.com/notifications/},}
@online{ID,	ALTauthor = {author},	ALTeditor = {editor},	title = {title},	date = {date},	url = {https://www.boozallen.com/content/dam/boozallen/documents/2016/09/ukraine-report-when-the-lights-went-out.pdf},}
@online{ID,	ALTauthor = {author},	ALTeditor = {editor},	title = {title},	date = {date},	url = {https://www.reuters.com/article/us-ukraine-cybersecurity-sandworm-idUSKBN0UM00N20160108},}
@online{ID,	ALTauthor = {author},	ALTeditor = {editor},	title = {title},	date = {date},	url = {https://www.wired.com/2016/01/everything-we-know-about-ukraines-power-plant-hack/},}
@online{ID,	ALTauthor = {author},	ALTeditor = {editor},	title = {title},	date = {date},	url = {https://www.fireeye.com/blog/threat-research/2016/01/ukraine-and-sandworm-team.html},}
@online{ID,	ALTauthor = {author},	ALTeditor = {editor},	title = {title},	date = {date},	url = {https://www.sans.org/blog/confirmation-of-a-coordinated-attack-on-the-ukrainian-power-grid/},}
@online{ID,	ALTauthor = {author},	ALTeditor = {editor},	title = {title},	date = {date},	url = {https://www.reuters.com/article/us-ukraine-cybersecurity-sandworm/u-s-firm-blames-russian-sandworm-hackers-for-ukraine-outage-idUSKBN0UM00N20160108},}
@online{ID,	ALTauthor = {author},	ALTeditor = {editor},	title = {title},	date = {date},	url = {https://www.reuters.com/article/us-ukraine-crisis-cyber-idUSKBN15U2CN},}
@online{ID,	ALTauthor = {author},	ALTeditor = {editor},	title = {title},	date = {date},	url = {https://www.wired.com/2014/10/russian-sandworm-hack-isight/},}
@online{ID,	ALTauthor = {author},	ALTeditor = {editor},	title = {title},	date = {date},	url = {https://blog.trendmicro.com/trendlabs-security-intelligence/sandworm-to-blacken-the-scada-connection/},}
@online{ID,	ALTauthor = {author},	ALTeditor = {editor},	title = {title},	date = {date},	url = {https://blog.trendmicro.com/trendlabs-security-intelligence/killdisk-and-blackenergy-are-not-just-energy-sector-threats/},}
@online{ID,	ALTauthor = {author},	ALTeditor = {editor},	title = {title},	date = {date},	url = {https://www.nerc.com/pa/CI/ESISAC/Documents/E-ISAC_SANS_Ukraine_DUC_18Mar2016.pdf},}
@online{ID,	ALTauthor = {author},	ALTeditor = {editor},	title = {title},	date = {date},	url = {https://www.politico.eu/article/ukraine-cyber-war-frontline-russia-malware-attacks/},}
@online{ID,	ALTauthor = {author},	ALTeditor = {editor},	title = {title},	date = {date},	url = {https://theconversation.com/cyberattack-on-ukraine-grid-heres-how-it-worked-and-perhaps-why-it-was-done-52802},}
@online{ID,	ALTauthor = {author},	ALTeditor = {editor},	title = {title},	date = {date},	url = {https://www.ifri.org/sites/default/files/atoms/files/desarnaud_cyber_attacks_energy_infrastructures_2017_2.pdf},}
@online{ID,	ALTauthor = {author},	ALTeditor = {editor},	title = {title},	date = {date},	url = {https://ec.europa.eu/energy/sites/ener/files/evaluation_of_risks_of_cyber-incidents_and_on_costs_of_preventing_cyber-incidents_in_the_energy_sector.pdf},}
@online{ID,	ALTauthor = {author},	ALTeditor = {editor},	title = {title},	date = {date},	url = {https://ec.europa.eu/energy/sites/ener/files/evaluation_of_risks_of_cyber-incidents_and_on_costs_of_preventing_cyber-incidents_in_the_energy_sector.pdf},}
@online{ID,	ALTauthor = {author},	ALTeditor = {editor},	title = {title},	date = {date},	url = {https://www.wired.com/2016/03/inside-cunning-unprecedented-hack-ukraines-power-grid/},}
@online{ID,	ALTauthor = {author},	ALTeditor = {editor},	title = {title},	date = {date},	url = {https://www.osti.gov/servlets/purl/1505628},}
@online{ID,	ALTauthor = {author},	ALTeditor = {editor},	title = {title},	date = {date},	url = {https://jsis.washington.edu/news/cyberattack-critical-infrastructure-russia-ukrainian-power-grid-attacks/},}
@online{ID,	ALTauthor = {author},	ALTeditor = {editor},	title = {title},	date = {date},	url = {http://citeseerx.ist.psu.edu/viewdoc/download;jsessionid=0513EED48102FDAD1BD940260EF12B11?doi=10.1.1.548.7490&amp;rep=rep1&amp;type=pdf},}
@online{ID,	ALTauthor = {author},	ALTeditor = {editor},	title = {title},	date = {date},	url = {https://scialert.net/fulltext/?doi=tasr.2014.396.405},}
@online{ID,	ALTauthor = {author},	ALTeditor = {editor},	title = {title},	date = {date},	url = {https://www.researchgate.net/publication/333671061_Attacking_IEC-60870-5-104_SCADA_Systems},}
@online{ID,	ALTauthor = {author},	ALTeditor = {editor},	title = {title},	date = {date},	url = {http://www.salvage-project.com/uploads/4/9/5/5/49558369/art3_-_salvage_2015_-_cyber_security_in_communication_of_scada_systems_using_iec_61850.pdf},}
@online{ID,	ALTauthor = {author},	ALTeditor = {editor},	title = {title},	date = {date},	url = {https://eg.uc.pt/bitstream/10316/35720/1/Security%20Probes%20for%20Industrial%20Control%20Networks.pdf},}
@online{ID,	ALTauthor = {author},	ALTeditor = {editor},	title = {title},	date = {date},	url = {https://owlcyberdefense.com/products/data-diode-products/software-modules/iec-104/},}
@online{ID,	ALTauthor = {author},	ALTeditor = {editor},	title = {title},	date = {date},	url = {https://ris.utwente.nl/ws/files/6028066/3-s2_0-B9780128015957000227.pdf},}
@online{ID,	ALTauthor = {author},	ALTeditor = {editor},	title = {title},	date = {date},	url = {https://waterfall-security.com/static/Waterfall-for-IEC-60870-5-104_FINAL.pdf},}
@online{ID,	ALTauthor = {author},	ALTeditor = {editor},	title = {title},	date = {date},	url = {http://www.scada.sl/2013/11/last-week-four-guys-of-scada.html},}
@online{ID,	ALTauthor = {author},	ALTeditor = {editor},	title = {title},	date = {date},	url = {https://repositorio-aberto.up.pt/bitstream/10216/119066/2/315683.pdf},}
@online{ID,	ALTauthor = {author},	ALTeditor = {editor},	title = {title},	date = {date},	url = {https://www.diva-portal.org/smash/get/diva2:1046339/FULLTEXT01.pdf},}
@online{ID,	ALTauthor = {author},	ALTeditor = {editor},	title = {title},	date = {date},	url = {https://www.semanticscholar.org/paper/Cybersecurity-analysis-of-a-SCADA-system-under-and-Rocha/dfa7c12551ebe7b24da8d806e87e946051a57cb9},}
@online{ID,	ALTauthor = {author},	ALTeditor = {editor},	title = {title},	date = {date},	url = {https://control.com/forums/threads/comparison-between-iec60870-5-103-and-modbus-rtu.20317/},}
@online{ID,	ALTauthor = {author},	ALTeditor = {editor},	title = {title},	date = {date},	url = {https://www.blackhat.com/docs/us-17/wednesday/us-17-Staggs-Adventures-In-Attacking-Wind-Farm-Control-Networks.pdf},}
@online{ID,	ALTauthor = {author},	ALTeditor = {editor},	title = {title},	date = {date},	url = {https://www.securonix.com/web/wp-content/uploads/2019/08/RSAC_2019_Scada_Attack_Detection_101.pdf},}
@online{ID,	ALTauthor = {author},	ALTeditor = {editor},	title = {title},	date = {date},	url = {https://dreamlab.net/en/blog/post/fuzzing-ics-protocols/},}
@online{ID,	ALTauthor = {author},	ALTeditor = {editor},	title = {title},	date = {date},	url = {https://library.e.abb.com/public/f74f9c8be95f4cd09b0b1fbbde699108/4CAE000416_RTU_Secure%20communications_web.pdf},}
@online{ID,	ALTauthor = {author},	ALTeditor = {editor},	title = {title},	date = {date},	url = {https://www.slideshare.net/qqlan/scada-zn},}
@online{ID,	ALTauthor = {author},	ALTeditor = {editor},	title = {title},	date = {date},	url = {https://virsec.com/virsec-hack-analysis-deep-dive-into-industroyer-aka-crash-override/},}
@online{ID,	ALTauthor = {author},	ALTeditor = {editor},	title = {title},	date = {date},	url = {https://tutcris.tut.fi/portal/files/16294332/jafary_1534.pdf},}
@online{ID,	ALTauthor = {author},	ALTeditor = {editor},	title = {title},	date = {date},	url = {http://www.connectivity4ir.co.uk/article/175490/IEC-62351--Secure-communication-in-the-energy-industry.aspx},}
@online{ID,	ALTauthor = {author},	ALTeditor = {editor},	title = {title},	date = {date},	url = {https://www.win.tue.nl/~setalle/2017_fauri_encryption.pdf},}
@online{ID,	ALTauthor = {author},	ALTeditor = {editor},	title = {title},	date = {date},	url = {https://assets.barracuda.com/assets/docs/dms/Barracuda_CloudGen_Firewall_SB_Security_for_ICS_and_OT.pdf},}
@online{ID,	ALTauthor = {author},	ALTeditor = {editor},	title = {title},	date = {date},	url = {https://www.checkpoint.com/products/industrial-control-systems-appliances/},}
@online{ID,	ALTauthor = {author},	ALTeditor = {editor},	title = {title},	date = {date},	url = {https://www.dragos.com/wp-content/uploads/CRASHOVERRIDE.pdf},}
@online{ID,	ALTauthor = {author},	ALTeditor = {editor},	title = {title},	date = {date},	url = {https://dl.acm.org/doi/fullHtml/10.1145/3381038},}
@online{ID,	ALTauthor = {author},	ALTeditor = {editor},	title = {title},	date = {date},	url = {https://arxiv.org/pdf/2001.02925.pdf},}
@online{ID,	ALTauthor = {author},	ALTeditor = {editor},	title = {title},	date = {date},	url = {http://blog.nettedautomation.com/2017/},}
@online{ID,	ALTauthor = {author},	ALTeditor = {editor},	title = {title},	date = {date},	url = {https://www.dragos.com/wp-content/uploads/CrashOverride-01.pdf},}
@online{ID,	ALTauthor = {author},	ALTeditor = {editor},	title = {title},	date = {date},	url = {https://www.welivesecurity.com/wp-content/uploads/2017/06/Win32_Industroyer.pdf},}
@online{ID,	ALTauthor = {author},	ALTeditor = {editor},	title = {title},	date = {date},	url = {https://ec.europa.eu/energy/sites/ener/files/evaluation_of_risks_of_cyber-incidents_and_on_costs_of_preventing_cyber-incidents_in_the_energy_sector.pdf},}
@online{ID,	ALTauthor = {author},	ALTeditor = {editor},	title = {title},	date = {date},	url = {https://www.cybersecurityintelligence.com/blog/attack-on-ukraines-power-grid-targeted-transmission-stations-4530.html},}
@online{ID,	ALTauthor = {author},	ALTeditor = {editor},	title = {title},	date = {date},	url = {https://www.recordedfuture.com/crashoverride-malware-overview/},}
@online{ID,	ALTauthor = {author},	ALTeditor = {editor},	title = {title},	date = {date},	url = {https://www.us-cert.gov/ncas/alerts/TA17-163A},}
@online{ID,	ALTauthor = {author},	ALTeditor = {editor},	title = {title},	date = {date},	url = {https://www.darkreading.com/threat-intelligence/first-malware-designed-solely-for-electric-grids-caused-2016-ukraine-outage/d/d-id/1329114},}
@online{ID,	ALTauthor = {author},	ALTeditor = {editor},	title = {title},	date = {date},	url = {https://arstechnica.com/information-technology/2017/06/crash-override-malware-may-sabotage-electric-grids-but-its-no-stuxnet/},}
@online{ID,	ALTauthor = {author},	ALTeditor = {editor},	title = {title},	date = {date},	url = {https://www.accenture.com/_acnmedia/pdf-69/accenture-managing-malware-crash-override.pdf},}
@online{ID,	ALTauthor = {author},	ALTeditor = {editor},	title = {title},	date = {date},	url = {https://www.nixu.com/fi/node/53},}
@online{ID,	ALTauthor = {author},	ALTeditor = {editor},	title = {title},	date = {date},	url = {https://www.vice.com/en_us/article/zmeyg8/ukraine-power-grid-malware-crashoverride-industroyer},}
@online{ID,	ALTauthor = {author},	ALTeditor = {editor},	title = {title},	date = {date},	url = {https://ics.sans.org/media/E-ISAC_SANS_Ukraine_DUC_6.pdf},}
@online{ID,	ALTauthor = {author},	ALTeditor = {editor},	title = {title},	date = {date},	url = {http://blog.wallix.com/ics-security-russian-hacking},}
@online{ID,	ALTauthor = {author},	ALTeditor = {editor},	title = {title},	date = {date},	url = {http://web.mit.edu/smadnick/www/wp/2016-22.pdf},}
@online{ID,	ALTauthor = {author},	ALTeditor = {editor},	title = {title},	date = {date},	url = {https://www.boozallen.com/content/dam/boozallen/documents/2016/09/ukraine-report-when-the-lights-went-out.pdf},}
@online{ID,	ALTauthor = {author},	ALTeditor = {editor},	title = {title},	date = {date},	url = {https://www.reuters.com/article/us-ukraine-cybersecurity-sandworm-idUSKBN0UM00N20160108},}
@online{ID,	ALTauthor = {author},	ALTeditor = {editor},	title = {title},	date = {date},	url = {https://www.nerc.com/pa/CI/ESISAC/Documents/E-ISAC_SANS_Ukraine_DUC_18Mar2016.pdf},}
@online{ID,	ALTauthor = {author},	ALTeditor = {editor},	title = {title},	date = {date},	url = {https://jsis.washington.edu/news/cyberattack-critical-infrastructure-russia-ukrainian-power-grid-attacks/},}
@online{ID,	ALTauthor = {author},	ALTeditor = {editor},	title = {title},	date = {date},	url = {https://www.ifri.org/sites/default/files/atoms/files/desarnaud_cyber_attacks_energy_infrastructures_2017_2.pdf},}
@online{ID,	ALTauthor = {author},	ALTeditor = {editor},	title = {title},	date = {date},	url = {https://blog.trendmicro.com/trendlabs-security-intelligence/sandworm-to-blacken-the-scada-connection/},}
@online{ID,	ALTauthor = {author},	ALTeditor = {editor},	title = {title},	date = {date},	url = {https://ec.europa.eu/energy/sites/ener/files/evaluation_of_risks_of_cyber-incidents_and_on_costs_of_preventing_cyber-incidents_in_the_energy_sector.pdf},}
@online{ID,	ALTauthor = {author},	ALTeditor = {editor},	title = {title},	date = {date},	url = {https://www.wired.com/2016/03/inside-cunning-unprecedented-hack-ukraines-power-grid/},}
@online{ID,	ALTauthor = {author},	ALTeditor = {editor},	title = {title},	date = {date},	url = {https://ics.sans.org/media/E-ISAC_SANS_Ukraine_DUC_5.pdf},}
@online{ID,	ALTauthor = {author},	ALTeditor = {editor},	title = {title},	date = {date},	url = {https://ics.sans.org/media/E-ISAC_SANS_Ukraine_DUC_5.pdf},}
@online{ID,	ALTauthor = {author},	ALTeditor = {editor},	title = {title},	date = {date},	url = {https://digitalsupport.ge.com/servlet/fileField?retURL=%2Fapex%2FKnowledgeDetail%3Fid%3DkA21A000000HShPSAW%26lang%3Den_US%26Type%3DArticle__kav&amp;entityId=ka21A000000HccQQAS&amp;field=File_1__Body__s},}
@online{ID,	ALTauthor = {author},	ALTeditor = {editor},	title = {title},	date = {date},	url = {https://www.us-cert.gov/ics/Recommended-Practices},}
@online{ID,	ALTauthor = {author},	ALTeditor = {editor},	title = {title},	date = {date},	url = {https://www.informatiebeveiligingsdienst.nl/wp-content/uploads/2019/04/201902-Handreiking-Information-Security-Management-System-ISMS-v2.0.pdf},}
@online{ID,	ALTauthor = {author},	ALTeditor = {editor},	title = {title},	date = {date},	url = {https://info.advisera.com/hubfs/27001Academy/27001Academy_FreeDownloads/NL/Checklist_of_ISO_27001_Mandatory_Documentation_NL.pdf},}
@online{ID,	ALTauthor = {author},	ALTeditor = {editor},	title = {title},	date = {date},	url = {https://info.advisera.com/hubfs/27001Academy/27001Academy_FreeDownloads/NL/Checklist_of_ISO_27001_Mandatory_Documentation_NL.pdf},}
@online{ID,	ALTauthor = {author},	ALTeditor = {editor},	title = {title},	date = {date},	url = {https://www.iso.org/isoiec-27001-information-security.html},}
@online{ID,	ALTauthor = {author},	ALTeditor = {editor},	title = {title},	date = {date},	url = {https://www.iso27001security.com/html/faq.html},}
@online{ID,	ALTauthor = {author},	ALTeditor = {editor},	title = {title},	date = {date},	url = {https://www.iso27001security.com/ISO27k_FAQ.pdf},}
@online{ID,	ALTauthor = {author},	ALTeditor = {editor},	title = {title},	date = {date},	url = {https://www.iso27001security.com/ISO27k_GDPR_mapping_release_1.pdf},}
@online{ID,	ALTauthor = {author},	ALTeditor = {editor},	title = {title},	date = {date},	url = {https://webstore.iec.ch/preview/info_isoiec27019%7Bed1.0%7Den.pdf},}
@online{ID,	ALTauthor = {author},	ALTeditor = {editor},	title = {title},	date = {date},	url = {https://web.archive.org/web/20150924001524/http://www.epri.com/abstracts/Pages/ProductAbstract.aspx?ProductId=000000003002003738},}
@online{ID,	ALTauthor = {author},	ALTeditor = {editor},	title = {title},	date = {date},	url = {https://webstore.iec.ch/publication/25948},}
@online{ID,	ALTauthor = {author},	ALTeditor = {editor},	title = {title},	date = {date},	url = {https://webstore.iec.ch/publication/6912},}
@online{ID,	ALTauthor = {author},	ALTeditor = {editor},	title = {title},	date = {date},	url = {https://webstore.iec.ch/publication/6911},}
@online{ID,	ALTauthor = {author},	ALTeditor = {editor},	title = {title},	date = {date},	url = {https://www.ipcomm.de/protocol/IEC62351/en/sheet.html},}
@online{ID,	ALTauthor = {author},	ALTeditor = {editor},	title = {title},	date = {date},	url = {https://www.energy.gov/ceser/activities/cybersecurity-critical-energy-infrastructure/energy-sector-cybersecurity-0},}
@online{ID,	ALTauthor = {author},	ALTeditor = {editor},	title = {title},	date = {date},	url = {https://www.energy.gov/ceser/activities/cybersecurity-critical-energy-infrastructure/energy-sector-cybersecurity-0-1},}
@online{ID,	ALTauthor = {author},	ALTeditor = {editor},	title = {title},	date = {date},	url = {https://nvlpubs.nist.gov/nistpubs/ir/2010/NIST.IR.7628.pdf},}
@online{ID,	ALTauthor = {author},	ALTeditor = {editor},	title = {title},	date = {date},	url = {https://nvlpubs.nist.gov/nistpubs/CSWP/NIST.CSWP.04162018.pdf},}
@online{ID,	ALTauthor = {author},	ALTeditor = {editor},	title = {title},	date = {date},	url = {https://nvlpubs.nist.gov/nistpubs/SpecialPublications/NIST.SP.800-53r4.pdf},}
@online{ID,	ALTauthor = {author},	ALTeditor = {editor},	title = {title},	date = {date},	url = {https://nvlpubs.nist.gov/nistpubs/ir/2014/NIST.IR.7628r1.pdf},}
@online{ID,	ALTauthor = {author},	ALTeditor = {editor},	title = {title},	date = {date},	url = {https://www.rand.org/pubs/research_reports/RR2081.html},}
@online{ID,	ALTauthor = {author},	ALTeditor = {editor},	title = {title},	date = {date},	url = {https://dpstele.com/blog%20major%20scada%20hacks/checklist/network-security-audit-checklist/#related-checklists.},}
@online{ID,	ALTauthor = {author},	ALTeditor = {editor},	title = {title},	date = {date},	url = {https://www.process.st/checklist/network-security-audit-checklist/#related-checklists},}
@online{ID,	ALTauthor = {author},	ALTeditor = {editor},	title = {title},	date = {date},	url = {https://reciprocitylabs.com/cybersecurity-audit-checklist/ukraine-power-grid-attack-russia-us. (2016, 2 11). Retrieved from edition.cnn.com:},}
@online{ID,	ALTauthor = {author},	ALTeditor = {editor},	title = {title},	date = {date},	url = {https://edition.cnn.com/2016/02/11/politics/ukraine-power-grid-attack-russia-us/index.html/ukraine-sees-russian-hand-in-cyber-attacks-on-power-grid-idUSKCN0VL18E. },}
@online{ID,	ALTauthor = {author},	ALTeditor = {editor},	title = {title},	date = {date},	url = {https://www.reuters.com/article/us-ukraine-cybersecurity/ukraine-sees-russian-hand-in-cyber-attacks-on-power-grid-idUSKCN0VL18E},}


 
 


\chapter{Deelonderzoek naar veiligheidsrisico's en eisen voor sluizen}

Gevonden weblinks in google op 07-04-2023 met zoekopdracht: "veiligheidsrisico's voor sluizen en waterwerken"

 

@online{ID,	ALTauthor = {author},	ALTeditor = {editor},	title = {title},	date = {date},	url = {"https://www.tweedekamer.nl/downloads/document?id=80443e97-f17e-499c-b3f2-ad608f32e1aa&title=Rapportage%20Staat%20van%20de%20infra%20RWS%20%28definitief%29.pdf"},}
@online{ID,	ALTauthor = {author},	ALTeditor = {editor},	title = {title},	date = {date},	url = {"https://www.nu.nl/internet/5814282/rekenkamer-waterwerken-niet-goed-beveiligd-tegen-cyberaanvallen.html"},}
@online{ID,	ALTauthor = {author},	ALTeditor = {editor},	title = {title},	date = {date},	url = {"https://www.deltalimburg.nl/article/9824/Onderhoudswerkzaamheden+aan+Sluis+Linne+afgerond"},}
@online{ID,	ALTauthor = {author},	ALTeditor = {editor},	title = {title},	date = {date},	url = {"https://nieuwesluisterneuzen.eu/veiligheid"},}
@online{ID,	ALTauthor = {author},	ALTeditor = {editor},	title = {title},	date = {date},	url = {"https://www.mrdmarinesupport.nl/nl/maritieme-dienstverlening/ondersteuning-veiligheid/"},}
@online{ID,	ALTauthor = {author},	ALTeditor = {editor},	title = {title},	date = {date},	url = {"https://www.infrasite.nl/bouwen/2021/05/27/veiligheid-voorop-begin-project-sluis-of-brug-altijd-met-risicobeoordeling/"},}
@online{ID,	ALTauthor = {author},	ALTeditor = {editor},	title = {title},	date = {date},	url = {"https://www.wdodelta.nl/bediening-schutsluizen-vechterweerd-en-vilsteren"},}
@online{ID,	ALTauthor = {author},	ALTeditor = {editor},	title = {title},	date = {date},	url = {"https://www.infrasite.nl/waterbouw-deltas/2021/05/21/sluis-heel-onder-handen-genomen/"},}
@online{ID,	ALTauthor = {author},	ALTeditor = {editor},	title = {title},	date = {date},	url = {"https://www.hdsr.nl/actueel/nieuws/@154100/lichtprojecties-zetten-waterliniesluizen/"},}
@online{ID,	ALTauthor = {author},	ALTeditor = {editor},	title = {title},	date = {date},	url = {"https://nos.nl/artikel/2277937-rekenkamer-hack-aanval-op-waterwerk-niet-altijd-opgemerkt"},}
@online{ID,	ALTauthor = {author},	ALTeditor = {editor},	title = {title},	date = {date},	url = {"https://magazine.vhbinfra.nl/1-4/zeesluis-ijmuiden/"},}
@online{ID,	ALTauthor = {author},	ALTeditor = {editor},	title = {title},	date = {date},	url = {"https://varendoejesamen.nl/kenniscentrum/artikel/onderhoud-sluis-linne-afgerond"},}
@online{ID,	ALTauthor = {author},	ALTeditor = {editor},	title = {title},	date = {date},	url = {"https://www.noorderzijlvest.nl/_flysystem/media/vragen-webinar-30-8-2021-en-inloop-2-9-2021-nieuwe-waterwerken-zoutkamp.pdf"},}
@online{ID,	ALTauthor = {author},	ALTeditor = {editor},	title = {title},	date = {date},	url = {"https://eenvandaag.avrotros.nl/item/sluizen-en-gemalen-kunnen-eenvoudig-worden-gehackt/"},}
@online{ID,	ALTauthor = {author},	ALTeditor = {editor},	title = {title},	date = {date},	url = {"https://www.gww-bouw.nl/artikel/de-eerste-sluis-met-kantelende-sluisdeur/"},}
@online{ID,	ALTauthor = {author},	ALTeditor = {editor},	title = {title},	date = {date},	url = {"https://tkhsecurity.com/nl/waterwerken/"},}
@online{ID,	ALTauthor = {author},	ALTeditor = {editor},	title = {title},	date = {date},	url = {"https://www.h2owaternetwerk.nl/h2o-actueel/rekenkamer-vitale-waterwerken-nog-onvoldoende-beschermd-tegen-cyberaanvallen"},}
@online{ID,	ALTauthor = {author},	ALTeditor = {editor},	title = {title},	date = {date},	url = {"https://anteagroup.nl/diensten/beweegbare-en-vaste-kunstwerken/sluizen"},}
@online{ID,	ALTauthor = {author},	ALTeditor = {editor},	title = {title},	date = {date},	url = {"https://balmbv.nl/sluizen-in-tiel-voor-decennia-beschermd/"},}
@online{ID,	ALTauthor = {author},	ALTeditor = {editor},	title = {title},	date = {date},	url = {"https://www.volkskrant.nl/nieuws-achtergrond/hacker-dringt-door-in-controlekamer-waterwerk-cyberterrorist-kan-ons-land-onder-water-zetten~b6fcbc3c/?referrer=https%3A%2F%2Fwww.google.com%2F"},}
@online{ID,	ALTauthor = {author},	ALTeditor = {editor},	title = {title},	date = {date},	url = {"https://www.magazinesrijkswaterstaat.nl/bereikbaarzeeland/2021/01/krammersluizencomplex-verleden-heden-en-toekomst"},}
@online{ID,	ALTauthor = {author},	ALTeditor = {editor},	title = {title},	date = {date},	url = {"https://www.noord-holland.nl/Actueel/Archief/2022/September_2022/Hollandse_Waterlinies_in_de_schijnwerpers"},}
@online{ID,	ALTauthor = {author},	ALTeditor = {editor},	title = {title},	date = {date},	url = {"https://www.watersport-tv.nl/nw-31400-7-3715235/nieuws/cybersecurity_vitale_waterwerken_niet_waterdicht.html"},}
@online{ID,	ALTauthor = {author},	ALTeditor = {editor},	title = {title},	date = {date},	url = {"https://www.tonverheijen.nl/artikelen/bruggen-sluizen-en-tunnels-kunnen-ook-gehackt-worden"},}
@online{ID,	ALTauthor = {author},	ALTeditor = {editor},	title = {title},	date = {date},	url = {"https://nuactueel.noordhoff.nl/hackers-zetten-zo-de-sluizen-open-hv-bb/"},}
@online{ID,	ALTauthor = {author},	ALTeditor = {editor},	title = {title},	date = {date},	url = {"https://binnenvaartkrant.nl/waterwerken-zijn-kwetsbaar-voor-cyberaanvallen"},}
@online{ID,	ALTauthor = {author},	ALTeditor = {editor},	title = {title},	date = {date},	url = {"https://www.rtlnieuws.nl/nieuws/nederland/artikel/3758966/cyberbeveiliging-waterschappen-hapert-sluizen-kunnen-worden"},}
@online{ID,	ALTauthor = {author},	ALTeditor = {editor},	title = {title},	date = {date},	url = {"https://expert.rittal.nl/wp-content/uploads/2017/05/Referentieverhaal-Provincie-Zuid-Holland.pdf"},}
@online{ID,	ALTauthor = {author},	ALTeditor = {editor},	title = {title},	date = {date},	url = {"https://www.vtmgroep.nl/blog/waterwerken-in-nederland-onvoldoende-beveiligd-tegen-cyberaanvallen"},}
@online{ID,	ALTauthor = {author},	ALTeditor = {editor},	title = {title},	date = {date},	url = {"https://www.securitymanagement.nl/waterwerken-nog-altijd-te-hacken/"},}
@online{ID,	ALTauthor = {author},	ALTeditor = {editor},	title = {title},	date = {date},	url = {"https://www.heijmans.nl/nl/verhalen/waterwerken/"},}
@online{ID,	ALTauthor = {author},	ALTeditor = {editor},	title = {title},	date = {date},	url = {"https://www.tno.nl/nl/duurzaam/veilige-duurzame-leefomgeving/infrastructuur/natte-infrastructuur/"},}
@online{ID,	ALTauthor = {author},	ALTeditor = {editor},	title = {title},	date = {date},	url = {"https://www.computable.nl/artikel/nieuws/security/6634379/250449/waterwerken-slecht-beveiligd-tegen-hackers.html"},}
@online{ID,	ALTauthor = {author},	ALTeditor = {editor},	title = {title},	date = {date},	url = {"https://www.cobouw.nl/271317/tunnels-bruggen-en-sluizen-onvoldoende-beschermd-tegen-hackers"},}
@online{ID,	ALTauthor = {author},	ALTeditor = {editor},	title = {title},	date = {date},	url = {"https://www.zuid-holland.nl/onderwerpen/verkeer-vervoer/vaarwegen/"},}
@online{ID,	ALTauthor = {author},	ALTeditor = {editor},	title = {title},	date = {date},	url = {"http://www.wesemann.nl/nl/nieuws-en-pers/274-veiligheid-op-het-water-en-op-het-land.html"},}
@online{ID,	ALTauthor = {author},	ALTeditor = {editor},	title = {title},	date = {date},	url = {"https://www.rekenkamer.nl/actueel/nieuws/2019/03/28/cybersecurity-vitale-waterwerken-niet-waterdicht"},}
@online{ID,	ALTauthor = {author},	ALTeditor = {editor},	title = {title},	date = {date},	url = {"https://www.rijkswaterstaat.nl/over-ons/onze-organisatie/vervanging-en-renovatie"},}
@online{ID,	ALTauthor = {author},	ALTeditor = {editor},	title = {title},	date = {date},	url = {"https://www.arbo-online.nl/22896/werkzaamheden-langs-het-water"},}


\chapter{Deelonderzoek wet en regelgeving voor sluizen}



Gevonden weblinks in google op 07-04-2023 met zoekopdracht: "wet en regelgeving voor sluizen"



@online{ID,	ALTauthor = {author},	ALTeditor = {editor},	title = {title},	date = {date},	url = {"https://www.hdsr.nl/publish/pages/86927/sluizen_in_of_bij_een_waterkering_-_uitvoeringsregels.pdf"},}
@online{ID,	ALTauthor = {author},	ALTeditor = {editor},	title = {title},	date = {date},	url = {"https://api1.ibabs.eu/publicdownload.aspx?site=sluis&id=100100292"},}
@online{ID,	ALTauthor = {author},	ALTeditor = {editor},	title = {title},	date = {date},	url = {"https://services.pilz.nl/wp-content/uploads/2021/12/brochure_bruggen_2018.pdf"},}
@online{ID,	ALTauthor = {author},	ALTeditor = {editor},	title = {title},	date = {date},	url = {"https://lokaleregelgeving.overheid.nl/CVDR375606/6"},}
@online{ID,	ALTauthor = {author},	ALTeditor = {editor},	title = {title},	date = {date},	url = {"https://zoek.officielebekendmakingen.nl/stb-2019-27.html"},}
@online{ID,	ALTauthor = {author},	ALTeditor = {editor},	title = {title},	date = {date},	url = {"https://a-quin.nl/nieuws/veiligheid-van-bruggen-sluizen-waarborgen-wie-wat-hoe/"},}
@online{ID,	ALTauthor = {author},	ALTeditor = {editor},	title = {title},	date = {date},	url = {"https://www.gemeentesluis.nl/Bestuur_en_Organisatie/Wetten_Regels_Bekendmakingen"},}
@online{ID,	ALTauthor = {author},	ALTeditor = {editor},	title = {title},	date = {date},	url = {"https://www.overijssel.nl/onderwerpen/verkeer-en-vervoer/varen-in-overijssel/informatie-bedieningstijden-sluizen-en-bruggen-noordwest-overijssel/"},}
@online{ID,	ALTauthor = {author},	ALTeditor = {editor},	title = {title},	date = {date},	url = {"https://www.rijkswaterstaat.nl/water/wetten-regels-en-vergunningen"},}
@online{ID,	ALTauthor = {author},	ALTeditor = {editor},	title = {title},	date = {date},	url = {"https://www.schuttevaer.nl/nieuws/actueel/2022/11/23/binnenvaart-zit-klem-tussen-regels-en-realiteit-kapotte-steigers-en-gesperde-sluizen-dwingen-tot-doorvaren/"},}
@online{ID,	ALTauthor = {author},	ALTeditor = {editor},	title = {title},	date = {date},	url = {"https://repository.officiele-overheidspublicaties.nl/CVDR/CVDR271406/1/html/CVDR271406_1.html"},}
@online{ID,	ALTauthor = {author},	ALTeditor = {editor},	title = {title},	date = {date},	url = {"https://www.zeeland.nl/actueel/bedieningstijden-sluizen-en-bruggen"},}
@online{ID,	ALTauthor = {author},	ALTeditor = {editor},	title = {title},	date = {date},	url = {"https://www.amsterdam.nl/verkeer-vervoer/varen-amsterdam/regels-varen/"},}
@online{ID,	ALTauthor = {author},	ALTeditor = {editor},	title = {title},	date = {date},	url = {"https://www.schielandendekrimpenerwaard.nl/wat-doen-we/regels-en-afspraken-over-beheer-keur-en-leggers/"},}
@online{ID,	ALTauthor = {author},	ALTeditor = {editor},	title = {title},	date = {date},	url = {"http://www.wetboek-online.nl/wet/Wet%20tot%20samenvoeging%20van%20de%20gemeenten%20Aardenburg%20en%20Sluis.html"},}
@online{ID,	ALTauthor = {author},	ALTeditor = {editor},	title = {title},	date = {date},	url = {"https://www.rijnland.net/regels-op-een-rij/richtlijnen-en-akkoorden/alle-regelgeving-van-rijnland/"},}
@online{ID,	ALTauthor = {author},	ALTeditor = {editor},	title = {title},	date = {date},	url = {"https://www.itbb.nl/diensten/advies-ce-markering-europese-richtlijnen/"},}
@online{ID,	ALTauthor = {author},	ALTeditor = {editor},	title = {title},	date = {date},	url = {"https://www.portofamsterdam.com/nl/scheepvaart/zeevaart/regelgeving"},}
@online{ID,	ALTauthor = {author},	ALTeditor = {editor},	title = {title},	date = {date},	url = {"https://www.watersportverbond.nl/nieuws/achterstallig-onderhoud-wachtplaatsen-bruggen-en-sluizen-zuid-holland-zorgelijk/"},}
@online{ID,	ALTauthor = {author},	ALTeditor = {editor},	title = {title},	date = {date},	url = {"https://varendoejesamen.nl/nieuws"},}
@online{ID,	ALTauthor = {author},	ALTeditor = {editor},	title = {title},	date = {date},	url = {"https://www.flevoland.nl/wat-doen-we/flevowegen-vlot-en-veilig-door-flevoland/water/varen-in-flevoland/bediening-bruggen-en-sluizen"},}
@online{ID,	ALTauthor = {author},	ALTeditor = {editor},	title = {title},	date = {date},	url = {"https://eur-lex.europa.eu/legal-content/NL/TXT/PDF/?uri=CELEX:32020L0012&from=DE"},}
@online{ID,	ALTauthor = {author},	ALTeditor = {editor},	title = {title},	date = {date},	url = {"https://www.werkenvoornederland.nl/organisatie/rijkswaterstaat/ict-middelen-maken-om-bruggen-sluizen-en-tunnels-te-besturen"},}
@online{ID,	ALTauthor = {author},	ALTeditor = {editor},	title = {title},	date = {date},	url = {"https://www.lobocom.nl/infra-bruggen-sluizen"},}
@online{ID,	ALTauthor = {author},	ALTeditor = {editor},	title = {title},	date = {date},	url = {"https://waterrecreatienederland.nl/content/uploads/2018/04/richtlijnen-vaarwegen-2017.pdf"},}
@online{ID,	ALTauthor = {author},	ALTeditor = {editor},	title = {title},	date = {date},	url = {"https://www.wetterskipfryslan.nl/melden-en-regelen/vergunningen-wetten-en-regels"},}
@online{ID,	ALTauthor = {author},	ALTeditor = {editor},	title = {title},	date = {date},	url = {"https://www.onlinezeilschool.nl/sluizen/"},}
@online{ID,	ALTauthor = {author},	ALTeditor = {editor},	title = {title},	date = {date},	url = {"https://www.provincie.drenthe.nl/onderwerpen/verkeer-vervoer/vaarwegen/rondje-drenthe/bedieningstijden/"},}


